3567 5392
1503 1504 2317 1623 Index-

1694 1803 1698 1807 .
1752 1794 2073 1810 ΜΛΛΑΑΛΜ

1578 1998 1581 2005 *
1612 1974 1880 2057 Liber
1933 1976 2220 2078 prior:

573 2272 578 2275 ‚
688 2154 860 2255 DE
949 2143 1481 2260 ΑΔΕῘΑΣ
1568 2153 2131 2257 ΝΟΤΙΟΝΕ
2216 2155 2376 2259 ΕΤ
2462 2153 2709 2258 USU

831 2313 1373 2418 INIURE
1446 2315 2001 2418 PUBLIOO
2077 2315 2629 2422 ATTICO..
2687 2410 2699 2422 .
2764 2386 2817 2436 p.
2930 2370 3137 2422 μιν).

688 2472 777 2525 De
814 2468 949 2521 ἀδεί
934 2489 1031 2532 ἀς
1069 2472 1343 2528 notione
1400 2513 2696 2530 ...................
2762 2492 2815 2543 p.
2930 2475 3066 2528 1-„8

685 2561 777 2614 De
812 2556 1029 2620 ἀδείας
1068 2580 1169 2616 usu
1193 2604 2696 2620 ......................
2763 2581 2815 2632 p.
2926 2564 3138 2618 8—112

686 2647 763 2727 Α.
838 2647 1052 2728 Venia
1127 2649 1238 2729 vel
1306 2602 1674 2748 impunitas
1742 2650 2036 2749 rogandi
2103 2672 2151 2731 a
2215 2651 2469 2750 populo
2539 2670 2705 2731 con-

827 2792 1043 2854 cessa
1048 2831 2696 2852 ........................
2760 2812 2812 2863 p.
2891 2795 3101 2849 10—8‘1

684 2900 739 2954 1.
778 2901 1070 2970 Populus
1107 2900 1166 2955 ei
1201 2901 1467 2955 veniam
1505 2902 1645 2967 dat,
1686 2901 1801 2970 qui
1847 2901 2206 2972 rogatione
2251 2919 2571 2956 summam
2607 2920 2708 2971 po-

826 2991 1148 3045 testatem
1186 2989 1267 3053 (τὸ
1304 2987 1535 3061 μόριον)
1571 2990 1957 3045 violaturus
1995 2993 2097 3045 est
2117 3032 2699 3047 .........
2759 3008 2810 3059 p.
2890 2991 3098 3044 10—-32

757 3079 802 3132 1.
852 3079 933 3132 De
978 3078 1325 3134 revocatione
1369 3097 1572 3145 eorum,
1620 3079 1717 3147 qui
1764 3079 1977 3149 expulsi
2023 3082 2154 3134 sunt
2201 3076 2531 3149 ὀστρακισμῷ,
2579 3084 2711 3135 ante

896 3166 1211 3237 legitimum
1249 3171 1465 3237 tempus
1503 3187 1627 3222 eum
1665 3168 1858 3238 populi
1895 3171 2059 3223 venia
2095 3169 2314 3224 decreta
2328 3210 2692 3225 ......
2757 3187 2811 3237 Ρ.
2890 3169 3100 3223 10-15

755 3257 806 3311 2.
844 3256 912 3310 de
948 3255 1263 3310 remissione
1300 3274 1506 3326 poenae
1543 3257 1612 3311 iis
1652 3258 2001 3326 acquirenda,
2041 3257 2138 3326 qui
2174 3259 2233 3312 in
2257 3262 2586 3328 perpetuum
2620 3277 2705 3313 ex-

896 3345 1185 3400 terminati
1222 3349 1352 3400 sunt
1388 3336 1619 3416 ἀειφυγίᾳ
1684 3387 2695 3404 ...............
2758 3363 2811 3414 p.
2893 3345 3098 3399 15—19

753 3435 804 3488 3.
844 3434 941 3502 qui
979 3434 1159 3504 capite
1196 3434 1449 3490 damnati
1485 3439 1615 3490 sunt
1681 3476 2693 3493 ...............
2757 3452 2810 3504 Ρ.
2885 3434 2957 3488 20

754 3524 807 3577 4.
849 3523 945 3592 qui
983 3523 1321 3593 sempiterna
1356 3522 1526 3594 ἀτιμίᾳ
1563 3525 1793 3580 multati
1830 3528 1959 3581 sunt
1972 3566 2694 3581 ...........
2757 3541 2810 3592 Ρ.
2884 3523 3093 3577 20-27

750 3613 803 3666 5.
842 3612 909 3666 de
944 3612 1261 3667 remissione
1297 3612 1563 3684 liturgiae
1600 3634 1634 3670 a
1669 3615 1872 3685 populo
1908 3614 2198 3684 impositae
2252 3610 2293 3669 .’
2327 3654 2693 3670 ......
2756 3630 2809 3681 Ρ.
2883 3612 3095 3666 27—32

683 3701 825 3756 118.
881 3702 1174 3773 Populus
1232 3702 1292 3757 ei
1347 3703 1607 3758 veniam
1664 3703 1806 3769 dat,
1864 3703 1979 3771 qui
2034 3703 2393 3773 rogatione
2447 3703 2705 3773 publici

826 3791 1080 3847 aerarii
1116 3791 2033 3862 integritatemviolaturus
2069 3793 2157 3847 vel
2203 3791 2703 3861 qui-aerarium
2852 3852 2856 3856 ,

824 3881 1166 3951 publicum
1208 3880 1292 3950 (τὸ
1328 3869 1555 3950 κοινὸν)
1591 3881 1967 3952 illegitime
2005 3881 2476 3936 deminuturus
2514 3885 2628 3936 est.
2678 3922 2692 3936 .
2754 3897 2808 3948 p.
2883 3879 3094 3934 32-44

755 3972 802 4025 1.
843 3972 925 4026 De
960 3971 1314 4027 restitutione
1350 3973 1616 4026 bonorum
1654 3971 1906 4026 exulibus
1942 3971 2207 4026 revocatis
2245 3970 2579 4040 acquirenda
2607 4012 2622 4027 .
2676 4014 2690 4027 .
2754 3987 2807 4037 p.
2880 3969 3094 4024 33—34

752 4062 801 4114 2.
842 4060 909 4115 de
945 4060 1261 4116 remissione
1297 4060 1606 4115 debitorum
1643 4060 1988 4130 publicorum
2035 4094 2688 4116 ...........
2753 4077 2806 4128 p.
2879 4058 3092 4113 34-44

680 4149 746 4203 11
768 4149 827 4206 b.
868 4150 1163 4219 Populus
1201 4150 1262 4204 ei
1299 4149 1565 4204 veniam
1612 4150 1749 4215 dat,
1799 4149 1914 4218 qui
1960 4150 2320 4219 rogatione
2367 4148 2702 4204 aerarium

824 4257 1083 4293 sacrum
1117 4239 1504 4294 violaturus
1540 4240 1629 4294 vel
1666 4238 2040 4308 illegitime
2077 4238 2548 4293 deminuturus
2586 4242 2700 4294 est.
2754 4256 2806 4307 p.
2880 4238 3092 4292 44--58

680 4327 823 4384 110.
868 4329 1167 4398 Populus
1212 4327 1273 4384 ei
1317 4327 1583 4392 veniam
1634 4328 1776 4394 dat,
1835 4327 1950 4396 qui
2005 4326 2274 4395 (quinto
2329 4327 2594 4396 quidem
2650 4347 2700 4385 a.

823 4417 967 4472 Chr.
1006 4436 1061 4470 ιι.
1099 4417 1390 4484 saeculo)
1428 4413 1726 4486 εἰσφοράν
1763 4419 2129 4487 rogaturus
2165 4417 2253 4471 vel
2291 4416 2405 4486 qui
2452 4417 2701 4471 civium

821 4525 923 4562 res
968 4505 1354 4562 familiares
1400 4505 1784 4577 illegitime
1822 4507 1889 4560 h.
1916 4524 1961 4561 e.
2000 4505 2291 4561 tributis
2332 4506 2697 4562 extraordi-

821 4596 1042 4650 nariis
1080 4595 1554 4650 deminuturus
1591 4598 1694 4650 est
1696 4636 2190 4652 ........
2228 4616 2231 4619 ·
2247 4636 2688 4652 .......
2751 4613 2803 4664 Ρ.
2879 4596 3091 4650 58-66

820 4687 902 4741 De
940 4684 1222 4740 nonnullis
1260 4685 1707 4741 extraordinariis
1744 4684 2036 4755 supplendi
2073 4685 2272 4741 aerarii
2309 4684 2632 4741 rationibus.
2670 4726 2686 4743 .
2749 4703 2803 4755 p.
2878 4686 3090 4740 66—68
