<?xml version="1.0" encoding="UTF-8"?>
<!DOCTYPE html PUBLIC "-//W3C//DTD XHTML 1.0 Transitional//EN"
    "http://www.w3.org/TR/xhtml1/DTD/xhtml1-transitional.dtd">
<html xmlns="http://www.w3.org/1999/xhtml" xml:lang="en" lang="en">
 <head>
  <title>
</title>
<meta http-equiv="Content-Type" content="text/html;charset=utf-8" />
  <meta name='ocr-system' content='tesseract 3.04.00' />
  <meta name='ocr-capabilities' content='ocr_page ocr_carea ocr_par ocr_line ocrx_word'/>
</head>
<body>
  <div class='ocr_page' id='page_1' title='image "./deadeiasnotione00goldgoog_0034.png"; bbox 0 0 3567 5392; ppageno 0'>
   <div class='ocr_carea' id='block_1_1' title="bbox 35 1840 103 4893">
    <p class='ocr_par' dir='ltr' id='par_1_1' title="bbox 35 1840 103 4893">
     <span class='ocr_line' id='line_1_1' title="bbox 35 1840 103 4893; baseline 0 0"><span class='ocrx_word' id='word_1_1' title='bbox 35 1840 103 4893; x_wconf 95' lang='lat' dir='ltr'> </span> 
     </span>
    </p>
   </div>
   <div class='ocr_carea' id='block_1_2' title="bbox 1944 413 2028 477">
    <p class='ocr_par' dir='ltr' id='par_1_2' title="bbox 1944 413 2028 477">
     <span class='ocr_line' id='line_1_2' title="bbox 1944 413 2028 477; baseline 0.036 -3"><span class='ocrx_word' id='word_1_2' title='bbox 1944 413 2028 477; x_wconf 87' lang='grc'>28</span> 
     </span>
    </p>
   </div>
   <div class='ocr_carea' id='block_1_3' title="bbox 1925 503 2199 510">
    <p class='ocr_par' dir='ltr' id='par_1_3' title="bbox 1925 503 2199 510">
     <span class='ocr_line' id='line_1_3' title="bbox 1925 503 2199 510; baseline 0 4882"><span class='ocrx_word' id='word_1_3' title='bbox 1925 503 2199 510; x_wconf 95' lang='lat' dir='ltr'> </span> 
     </span>
    </p>
   </div>
   <div class='ocr_carea' id='block_1_4' title="bbox 736 604 3220 3363">
    <p class='ocr_par' dir='ltr' id='par_1_4' title="bbox 736 604 3220 1763">
     <span class='ocr_line' id='line_1_4' title="bbox 748 604 3213 691; baseline 0 -19"><span class='ocrx_word' id='word_1_4' title='bbox 748 605 1066 691; x_wconf 75' lang='lat' dir='ltr'>encycliis</span> <span class='ocrx_word' id='word_1_5' title='bbox 1114 606 1254 672; x_wconf 86' lang='lat' dir='ltr'>sive</span> <span class='ocrx_word' id='word_1_6' title='bbox 1301 604 1719 673; x_wconf 81' lang='lat' dir='ltr'>sollemnibus</span> <span class='ocrx_word' id='word_1_7' title='bbox 1764 626 1884 691; x_wconf 91' lang='lat' dir='ltr'>per</span> <span class='ocrx_word' id='word_1_8' title='bbox 1928 605 2340 691; x_wconf 83' lang='lat' dir='ltr'>privilegium</span> <span class='ocrx_word' id='word_1_9' title='bbox 2395 606 2819 673; x_wconf 88' lang='lat' dir='ltr'>immunitatis</span> <span class='ocrx_word' id='word_1_10' title='bbox 2877 605 3213 689; x_wconf 80' lang='grc' dir='ltr'>(ἀτελείας)</span> 
     </span>
     <span class='ocr_line' id='line_1_5' title="bbox 746 712 3214 798; baseline -0.001 -19"><span class='ocrx_word' id='word_1_11' title='bbox 746 714 915 779; x_wconf 84' lang='lat' dir='ltr'>civis</span> <span class='ocrx_word' id='word_1_12' title='bbox 978 713 1217 796; x_wconf 90' lang='lat' dir='ltr'>aliquis</span> <span class='ocrx_word' id='word_1_13' title='bbox 1281 712 1689 798; x_wconf 78' lang='lat' dir='ltr'>liberaretur,</span> <span class='ocrx_word' id='word_1_14' title='bbox 1762 720 1981 779; x_wconf 91' lang='lat' dir='ltr'>tamen</span> <span class='ocrx_word' id='word_1_15' title='bbox 2053 714 2219 779; x_wconf 91' lang='lat' dir='ltr'>sicut</span> <span class='ocrx_word' id='word_1_16' title='bbox 2284 713 2565 779; x_wconf 89' lang='lat' dir='ltr'>omnium</span> <span class='ocrx_word' id='word_1_17' title='bbox 2641 713 3048 797; x_wconf 83' lang='lat' dir='ltr'>liturgiarum</span> <span class='ocrx_word' id='word_1_18' title='bbox 3119 712 3214 778; x_wconf 84' lang='lat' dir='ltr'>ita</span> 
     </span>
     <span class='ocr_line' id='line_1_6' title="bbox 748 818 3213 904; baseline 0 -20"><span class='ocrx_word' id='word_1_19' title='bbox 748 818 1169 885; x_wconf 88' lang='lat' dir='ltr'>trierarchiae</span> <span class='ocrx_word' id='word_1_20' title='bbox 1244 838 1431 884; x_wconf 91' lang='lat' dir='ltr'>nemo</span> <span class='ocrx_word' id='word_1_21' title='bbox 1507 819 1805 886; x_wconf 88' lang='lat' dir='ltr'>immunis</span> <span class='ocrx_word' id='word_1_22' title='bbox 1870 819 1991 885; x_wconf 87' lang='lat' dir='ltr'>fuit</span> <span class='ocrx_word' id='word_1_23' title='bbox 2063 819 2187 884; x_wconf 89' lang='lat' dir='ltr'>nisi</span> <span class='ocrx_word' id='word_1_24' title='bbox 2255 840 2485 886; x_wconf 85' lang='lat' dir='ltr'>novem</span> <span class='ocrx_word' id='word_1_25' title='bbox 2548 819 2972 904; x_wconf 89' lang='lat' dir='ltr'>archontes,¹)</span> <span class='ocrx_word' id='word_1_26' title='bbox 3038 818 3213 885; x_wconf 90' lang='lat' dir='ltr'>filiae</span> 
     </span>
     <span class='ocr_line' id='line_1_7' title="bbox 748 924 3212 1013; baseline 0 -22"><span class='ocrx_word' id='word_1_27' title='bbox 748 924 1028 992; x_wconf 88' lang='lat' dir='ltr'>heredes</span> <span class='ocrx_word' id='word_1_28' title='bbox 1087 926 1225 992; x_wconf 86' lang='lat' dir='ltr'>sive</span> <span class='ocrx_word' id='word_1_29' title='bbox 1285 926 1700 1013; x_wconf 47' lang='grc' dir='ltr'>ηέπίκληροιξ</span> <span class='ocrx_word' id='word_1_30' title='bbox 1756 926 2016 1012; x_wconf 90' lang='lat' dir='ltr'>pupilli,</span> <span class='ocrx_word' id='word_1_31' title='bbox 2073 926 2227 991; x_wconf 88' lang='lat' dir='ltr'>dum</span> <span class='ocrx_word' id='word_1_32' title='bbox 2284 927 2403 992; x_wconf 88' lang='lat' dir='ltr'>sub</span> <span class='ocrx_word' id='word_1_33' title='bbox 2465 926 2670 993; x_wconf 90' lang='lat' dir='ltr'>tutela</span> <span class='ocrx_word' id='word_1_34' title='bbox 2716 926 2980 1010; x_wconf 78' lang='lat' dir='ltr'>erant,²)</span> <span class='ocrx_word' id='word_1_35' title='bbox 3027 946 3212 1011; x_wconf 90' lang='lat' dir='ltr'>prae-</span> 
     </span>
     <span class='ocr_line' id='line_1_8' title="bbox 748 1031 3212 1119; baseline 0 -22"><span class='ocrx_word' id='word_1_36' title='bbox 748 1038 936 1098; x_wconf 91' lang='lat' dir='ltr'>terea</span> <span class='ocrx_word' id='word_1_37' title='bbox 983 1032 1195 1099; x_wconf 89' lang='lat' dir='ltr'>coloni</span> <span class='ocrx_word' id='word_1_38' title='bbox 1240 1032 1500 1118; x_wconf 90' lang='lat' dir='ltr'>publice</span> <span class='ocrx_word' id='word_1_39' title='bbox 1543 1033 1753 1118; x_wconf 89' lang='lat' dir='ltr'>missi,</span> <span class='ocrx_word' id='word_1_40' title='bbox 1810 1033 1884 1113; x_wconf 88' lang='lat' dir='ltr'>ii,</span> <span class='ocrx_word' id='word_1_41' title='bbox 1934 1033 2044 1117; x_wconf 89' lang='lat' dir='ltr'>qui</span> <span class='ocrx_word' id='word_1_42' title='bbox 2093 1032 2480 1112; x_wconf 52' lang='lat' dir='ltr'>„xotvmvmdt‘</span> <span class='ocrx_word' id='word_1_43' title='bbox 2531 1033 2985 1119; x_wconf 79' lang='lat' dir='ltr'>possidebant,</span> <span class='ocrx_word' id='word_1_44' title='bbox 3037 1031 3212 1099; x_wconf 79' lang='lat' dir='ltr'>deni-</span> 
     </span>
     <span class='ocr_line' id='line_1_9' title="bbox 747 1138 3211 1224; baseline 0 -19"><span class='ocrx_word' id='word_1_45' title='bbox 747 1160 880 1223; x_wconf 90' lang='lat' dir='ltr'>que</span> <span class='ocrx_word' id='word_1_46' title='bbox 927 1139 1036 1224; x_wconf 92' lang='lat' dir='ltr'>qui</span> <span class='ocrx_word' id='word_1_47' title='bbox 1084 1138 1282 1205; x_wconf 90' lang='lat' dir='ltr'>officii</span> <span class='ocrx_word' id='word_1_48' title='bbox 1331 1139 1692 1224; x_wconf 81' lang='lat' dir='ltr'>exequendi</span> <span class='ocrx_word' id='word_1_49' title='bbox 1738 1139 2086 1206; x_wconf 78' lang='lat' dir='ltr'>facultates</span> <span class='ocrx_word' id='word_1_50' title='bbox 2133 1159 2262 1205; x_wconf 89' lang='lat' dir='ltr'>non</span> <span class='ocrx_word' id='word_1_51' title='bbox 2305 1141 2658 1209; x_wconf 85' lang='lat' dir='ltr'>habebant.</span> <span class='ocrx_word' id='word_1_52' title='bbox 2669 1139 2719 1220; x_wconf 79' lang='lat'>⁸)</span> <span class='ocrx_word' id='word_1_53' title='bbox 2812 1139 3040 1222; x_wconf 87' lang='lat' dir='ltr'>Neque</span> <span class='ocrx_word' id='word_1_54' title='bbox 3096 1138 3211 1205; x_wconf 80' lang='lat' dir='ltr'>alii</span> 
     </span>
     <span class='ocr_line' id='line_1_10' title="bbox 748 1245 3214 1333; baseline -0.001 -21"><span class='ocrx_word' id='word_1_55' title='bbox 748 1247 1054 1331; x_wconf 87' lang='lat' dir='ltr'>cuiquam</span> <span class='ocrx_word' id='word_1_56' title='bbox 1111 1267 1148 1312; x_wconf 90' lang='lat' dir='ltr'>e</span> <span class='ocrx_word' id='word_1_57' title='bbox 1204 1247 1633 1333; x_wconf 86' lang='lat' dir='ltr'>locupletibus</span> <span class='ocrx_word' id='word_1_58' title='bbox 1690 1246 1978 1330; x_wconf 88' lang='lat' dir='ltr'>quidem,</span> <span class='ocrx_word' id='word_1_59' title='bbox 2048 1247 2152 1313; x_wconf 92' lang='lat' dir='ltr'>cui</span> <span class='ocrx_word' id='word_1_60' title='bbox 2207 1247 2606 1332; x_wconf 78' lang='lat' dir='ltr'>praetores⁴)</span> <span class='ocrx_word' id='word_1_61' title='bbox 2664 1266 2894 1313; x_wconf 91' lang='lat' dir='ltr'>munus</span> <span class='ocrx_word' id='word_1_62' title='bbox 2947 1245 3214 1313; x_wconf 80' lang='lat' dir='ltr'>manda·-</span> 
     </span>
     <span class='ocr_line' id='line_1_11' title="bbox 744 1352 3220 1439; baseline -0 -21"><span class='ocrx_word' id='word_1_63' title='bbox 744 1354 1016 1439; x_wconf 82' lang='lat' dir='ltr'>vissent,</span> <span class='ocrx_word' id='word_1_64' title='bbox 1064 1353 1346 1419; x_wconf 86' lang='lat' dir='ltr'>officium</span> <span class='ocrx_word' id='word_1_65' title='bbox 1391 1353 1756 1421; x_wconf 89' lang='lat' dir='ltr'>detrectare</span> <span class='ocrx_word' id='word_1_66' title='bbox 1800 1354 2001 1421; x_wconf 91' lang='lat' dir='ltr'>licuit.</span> <span class='ocrx_word' id='word_1_67' title='bbox 2016 1354 2067 1430; x_wconf 77' lang='lat'>⁵)</span> <span class='ocrx_word' id='word_1_68' title='bbox 2159 1356 2390 1438; x_wconf 89' lang='lat' dir='ltr'>Itaque</span> <span class='ocrx_word' id='word_1_69' title='bbox 2433 1353 2999 1435; x_wconf 36' lang='lat' dir='ltr'>Demosthenes&amp;</span> <span class='ocrx_word' id='word_1_70' title='bbox 3021 1352 3220 1419; x_wconf 76' lang='lat' dir='ltr'>dicitz·</span> 
     </span>
     <span class='ocr_line' id='line_1_12' title="bbox 762 1459 3213 1555; baseline -0.001 -27"><span class='ocrx_word' id='word_1_71' title='bbox 762 1513 778 1528; x_wconf 95' lang='lat'>.</span> <span class='ocrx_word' id='word_1_72' title='bbox 808 1513 823 1529; x_wconf 92' lang='lat'>.</span> <span class='ocrx_word' id='word_1_73' title='bbox 853 1513 868 1529; x_wconf 92' lang='lat'>.</span> <span class='ocrx_word' id='word_1_74' title='bbox 898 1514 911 1529; x_wconf 95' lang='lat'>.</span> <span class='ocrx_word' id='word_1_75' title='bbox 936 1473 1052 1527; x_wconf 83' lang='grc' dir='ltr'>τῶν</span> <span class='ocrx_word' id='word_1_76' title='bbox 1096 1466 1209 1544; x_wconf 74' lang='grc' dir='ltr'>γὰρ</span> <span class='ocrx_word' id='word_1_77' title='bbox 1254 1459 1339 1535; x_wconf 78' lang='grc' dir='ltr'>εἰς</span> <span class='ocrx_word' id='word_1_78' title='bbox 1383 1466 1482 1527; x_wconf 83' lang='grc' dir='ltr'>τὸν</span> <span class='ocrx_word' id='word_1_79' title='bbox 1529 1465 1790 1549; x_wconf 81' lang='grc' dir='ltr'>πόλεμον</span> <span class='ocrx_word' id='word_1_80' title='bbox 1836 1466 1942 1527; x_wconf 77' lang='grc' dir='ltr'>καὶ</span> <span class='ocrx_word' id='word_1_81' title='bbox 1984 1465 2089 1548; x_wconf 81' lang='grc' dir='ltr'>τὴν</span> <span class='ocrx_word' id='word_1_82' title='bbox 2136 1468 2432 1549; x_wconf 84' lang='grc' dir='ltr'>σωτηρίαν</span> <span class='ocrx_word' id='word_1_83' title='bbox 2478 1473 2587 1549; x_wconf 85' lang='grc' dir='ltr'>τῆς</span> <span class='ocrx_word' id='word_1_84' title='bbox 2630 1464 2896 1555; x_wconf 48' lang='lat' dir='ltr'>adletae*</span> <span class='ocrx_word' id='word_1_85' title='bbox 2925 1459 3213 1550; x_wconf 76' lang='grc' dir='ltr'>εἰσφορῶν</span> 
     </span>
     <span class='ocr_line' id='line_1_13' title="bbox 736 1566 3213 1656; baseline -0 -23"><span class='ocrx_word' id='word_1_86' title='bbox 736 1571 850 1633; x_wconf 67' lang='grc' dir='ltr'>*καὶ</span> <span class='ocrx_word' id='word_1_87' title='bbox 903 1580 1296 1656; x_wconf 76' lang='grc' dir='ltr'>τριηραρχιῶν</span> <span class='ocrx_word' id='word_1_88' title='bbox 1351 1566 1556 1653; x_wconf 80' lang='grc' dir='ltr'><strong>ὀρθῶς</strong></span> <span class='ocrx_word' id='word_1_89' title='bbox 1601 1572 1708 1633; x_wconf 78' lang='grc' dir='ltr'>καὶ</span> <span class='ocrx_word' id='word_1_90' title='bbox 1754 1568 1997 1641; x_wconf 78' lang='grc' dir='ltr'>δικαίως</span> <span class='ocrx_word' id='word_1_91' title='bbox 2045 1566 2236 1642; x_wconf 71' lang='grc' dir='ltr'>οὐδείς</span> <span class='ocrx_word' id='word_1_92' title='bbox 2277 1568 2397 1634; x_wconf 76' lang='grc' dir='ltr'>ἐστ’</span> <span class='ocrx_word' id='word_1_93' title='bbox 2433 1568 2660 1656; x_wconf 82' lang='grc' dir='ltr'>ἀτελὴς</span> <span class='ocrx_word' id='word_1_94' title='bbox 2698 1569 2769 1634; x_wconf 81' lang='grc' dir='ltr'>ἐκ</span> <span class='ocrx_word' id='word_1_95' title='bbox 2797 1580 2910 1634; x_wconf 83' lang='grc' dir='ltr'>τῶν</span> <span class='ocrx_word' id='word_1_96' title='bbox 2940 1572 3213 1634; x_wconf 81' lang='grc' dir='ltr'>παλαιῶν</span> 
     </span>
     <span class='ocr_line' id='line_1_14' title="bbox 740 1672 3208 1763; baseline -0.001 -22"><span class='ocrx_word' id='word_1_97' title='bbox 740 1681 960 1760; x_wconf 77' lang='grc' dir='ltr'><strong>νόμων,</strong></span> <span class='ocrx_word' id='word_1_98' title='bbox 1009 1672 1142 1741; x_wconf 61' lang='lat' dir='ltr'>ocus</span> <span class='ocrx_word' id='word_1_99' title='bbox 1188 1674 1293 1748; x_wconf 77' lang='grc' dir='ltr'>οὓς</span> <span class='ocrx_word' id='word_1_100' title='bbox 1338 1672 1511 1749; x_wconf 77' lang='grc' dir='ltr'>οὗτος</span> <span class='ocrx_word' id='word_1_101' title='bbox 1556 1677 1798 1763; x_wconf 78' lang='grc' dir='ltr'>ἔγραψε,</span> <span class='ocrx_word' id='word_1_102' title='bbox 1847 1677 1987 1749; x_wconf 82' lang='grc' dir='ltr'>τοὺς</span> <span class='ocrx_word' id='word_1_103' title='bbox 2035 1674 2137 1763; x_wconf 79' lang='grc' dir='ltr'>ἀφ’</span> <span class='ocrx_word' id='word_1_104' title='bbox 2184 1672 2507 1763; x_wconf 74' lang='grc' dir='ltr'>Ἁρμοδίου</span> <span class='ocrx_word' id='word_1_105' title='bbox 2551 1680 2659 1741; x_wconf 72' lang='grc' dir='ltr'>’καὶ</span> <span class='ocrx_word' id='word_1_106' title='bbox 2686 1674 3208 1760; x_wconf 78' lang='grc' dir='ltr'>Ἀριστογείτονος.</span> 
     </span>
    </p>

    <p class='ocr_par' dir='ltr' id='par_1_5' title="bbox 739 1781 3209 3150">
     <span class='ocr_line' id='line_1_15' title="bbox 927 1781 3207 1867; baseline 0 -19"><span class='ocrx_word' id='word_1_107' title='bbox 927 1782 1147 1848; x_wconf 88' lang='lat' dir='ltr'>Nihilo</span> <span class='ocrx_word' id='word_1_108' title='bbox 1194 1788 1410 1847; x_wconf 91' lang='lat' dir='ltr'>tamen</span> <span class='ocrx_word' id='word_1_109' title='bbox 1456 1781 1697 1867; x_wconf 91' lang='lat' dir='ltr'>secius,</span> <span class='ocrx_word' id='word_1_110' title='bbox 1752 1788 1825 1847; x_wconf 93' lang='lat' dir='ltr'>ut</span> <span class='ocrx_word' id='word_1_111' title='bbox 1881 1782 1975 1847; x_wconf 87' lang='lat' dir='ltr'>ait</span> <span class='ocrx_word' id='word_1_112' title='bbox 2019 1781 2424 1849; x_wconf 87' lang='lat' dir='ltr'>Schoemann</span> <span class='ocrx_word' id='word_1_113' title='bbox 2479 1781 2629 1866; x_wconf 86' lang='lat' dir='ltr'>[„de</span> <span class='ocrx_word' id='word_1_114' title='bbox 2676 1781 2888 1850; x_wconf 87' lang='lat' dir='ltr'>comit.</span> <span class='ocrx_word' id='word_1_115' title='bbox 2936 1782 3207 1848; x_wconf 86' lang='lat' dir='ltr'>Athen.“</span> 
     </span>
     <span class='ocr_line' id='line_1_16' title="bbox 744 1887 3208 1974; baseline -0.001 -20"><span class='ocrx_word' id='word_1_116' title='bbox 744 1910 815 1974; x_wconf 87' lang='lat' dir='ltr'>p.</span> <span class='ocrx_word' id='word_1_117' title='bbox 848 1889 1020 1973; x_wconf 80' lang='lat'>3331,</span> <span class='ocrx_word' id='word_1_118' title='bbox 1070 1888 1286 1968; x_wconf 85' lang='lat' dir='ltr'>„haud</span> <span class='ocrx_word' id='word_1_119' title='bbox 1332 1909 1478 1953; x_wconf 92' lang='lat' dir='ltr'>raro</span> <span class='ocrx_word' id='word_1_120' title='bbox 1526 1888 1768 1954; x_wconf 86' lang='lat' dir='ltr'>factum</span> <span class='ocrx_word' id='word_1_121' title='bbox 1807 1896 1924 1973; x_wconf 90' lang='lat' dir='ltr'>est,</span> <span class='ocrx_word' id='word_1_122' title='bbox 1970 1896 2042 1954; x_wconf 89' lang='lat' dir='ltr'>ut</span> <span class='ocrx_word' id='word_1_123' title='bbox 2069 1887 2423 1974; x_wconf 86' lang='lat' dir='ltr'>trierarchi,</span> <span class='ocrx_word' id='word_1_124' title='bbox 2471 1889 2581 1973; x_wconf 89' lang='lat' dir='ltr'>qui</span> <span class='ocrx_word' id='word_1_125' title='bbox 2608 1888 2856 1956; x_wconf 89' lang='lat' dir='ltr'>muneri</span> <span class='ocrx_word' id='word_1_126' title='bbox 2887 1887 3208 1973; x_wconf 83' lang='lat' dir='ltr'>explendo</span> 
     </span>
     <span class='ocr_line' id='line_1_17' title="bbox 747 1994 3209 2081; baseline 0 -21"><span class='ocrx_word' id='word_1_127' title='bbox 747 1996 1034 2081; x_wconf 91' lang='lat' dir='ltr'>impares</span> <span class='ocrx_word' id='word_1_128' title='bbox 1074 2002 1293 2062; x_wconf 91' lang='lat' dir='ltr'>essent</span> <span class='ocrx_word' id='word_1_129' title='bbox 1350 1996 1597 2079; x_wconf 90' lang='lat' dir='ltr'>(itaque</span> <span class='ocrx_word' id='word_1_130' title='bbox 1638 2015 1721 2061; x_wconf 84' lang='lat' dir='ltr'>ex</span> <span class='ocrx_word' id='word_1_131' title='bbox 1769 2016 1970 2062; x_wconf 91' lang='lat' dir='ltr'>causa</span> <span class='ocrx_word' id='word_1_132' title='bbox 2017 1995 2388 2080; x_wconf 90' lang='lat' dir='ltr'>aequitatis,</span> <span class='ocrx_word' id='word_1_133' title='bbox 2435 2002 2505 2060; x_wconf 90' lang='lat' dir='ltr'>ut</span> <span class='ocrx_word' id='word_1_134' title='bbox 2549 1995 2932 2061; x_wconf 88' lang='lat' dir='ltr'>trierarchia</span> <span class='ocrx_word' id='word_1_135' title='bbox 2975 1994 3209 2061; x_wconf 89' lang='lat' dir='ltr'>libera·</span> 
     </span>
     <span class='ocr_line' id='line_1_18' title="bbox 749 2100 3209 2188; baseline 0 -21"><span class='ocrx_word' id='word_1_136' title='bbox 749 2110 988 2187; x_wconf 90' lang='lat' dir='ltr'>rentur,</span> <span class='ocrx_word' id='word_1_137' title='bbox 1027 2102 1360 2187; x_wconf 90' lang='lat' dir='ltr'>postulare</span> <span class='ocrx_word' id='word_1_138' title='bbox 1390 2122 1461 2167; x_wconf 90' lang='lat' dir='ltr'>se</span> <span class='ocrx_word' id='word_1_139' title='bbox 1490 2122 1687 2188; x_wconf 91' lang='lat' dir='ltr'>posse</span> <span class='ocrx_word' id='word_1_140' title='bbox 1715 2104 2062 2188; x_wconf 85' lang='lat' dir='ltr'>putarent),</span> <span class='ocrx_word' id='word_1_141' title='bbox 2096 2102 2310 2168; x_wconf 91' lang='lat' dir='ltr'>oneris</span> <span class='ocrx_word' id='word_1_142' title='bbox 2338 2102 2727 2169; x_wconf 82' lang='lat' dir='ltr'>levationem</span> <span class='ocrx_word' id='word_1_143' title='bbox 2748 2155 2764 2171; x_wconf 93' lang='lat'>.</span> <span class='ocrx_word' id='word_1_144' title='bbox 2794 2156 2808 2170; x_wconf 92' lang='lat'>.</span> <span class='ocrx_word' id='word_1_145' title='bbox 2838 2155 2852 2170; x_wconf 93' lang='lat'>.</span> <span class='ocrx_word' id='word_1_146' title='bbox 2896 2123 2938 2168; x_wconf 88' lang='lat' dir='ltr'>a</span> <span class='ocrx_word' id='word_1_147' title='bbox 2967 2100 3209 2188; x_wconf 90' lang='lat' dir='ltr'>populo</span> 
     </span>
     <span class='ocr_line' id='line_1_19' title="bbox 742 2206 3209 2294; baseline 0 -20"><span class='ocrx_word' id='word_1_148' title='bbox 742 2209 1164 2294; x_wconf 70' lang='lat' dir='ltr'>peterent7),“</span> <span class='ocrx_word' id='word_1_149' title='bbox 1235 2229 1364 2292; x_wconf 91' lang='lat' dir='ltr'>qua</span> <span class='ocrx_word' id='word_1_150' title='bbox 1429 2209 1497 2273; x_wconf 94' lang='lat' dir='ltr'>in</span> <span class='ocrx_word' id='word_1_151' title='bbox 1555 2229 1625 2274; x_wconf 89' lang='lat' dir='ltr'>re</span> <span class='ocrx_word' id='word_1_152' title='bbox 1681 2209 1777 2273; x_wconf 91' lang='lat' dir='ltr'>illi</span> <span class='ocrx_word' id='word_1_153' title='bbox 1835 2206 2083 2292; x_wconf 59' lang='grc' dir='ltr'>ἱκέταιὸ)</span> <span class='ocrx_word' id='word_1_154' title='bbox 2136 2208 2515 2294; x_wconf 88' lang='lat' dir='ltr'>plerumque</span> <span class='ocrx_word' id='word_1_155' title='bbox 2571 2207 2659 2274; x_wconf 90' lang='lat' dir='ltr'>ad</span> <span class='ocrx_word' id='word_1_156' title='bbox 2717 2228 2899 2274; x_wconf 85' lang='lat' dir='ltr'>aram</span> <span class='ocrx_word' id='word_1_157' title='bbox 2953 2208 3209 2274; x_wconf 87' lang='lat' dir='ltr'>Dianae</span> 
     </span>
     <span class='ocr_line' id='line_1_20' title="bbox 748 2314 3209 2401; baseline 0 -20"><span class='ocrx_word' id='word_1_158' title='bbox 748 2315 1118 2381; x_wconf 84' lang='lat' dir='ltr'>Munichiae</span> <span class='ocrx_word' id='word_1_159' title='bbox 1130 2315 1178 2394; x_wconf 83' lang='lat'>⁹)</span> <span class='ocrx_word' id='word_1_160' title='bbox 1206 2314 1747 2400; x_wconf 85' lang='lat' dir='ltr'>perfugerunt.¹⁰)</span> <span class='ocrx_word' id='word_1_161' title='bbox 1799 2315 1936 2381; x_wconf 89' lang='lat' dir='ltr'>Iam</span> <span class='ocrx_word' id='word_1_162' title='bbox 1970 2316 2171 2381; x_wconf 90' lang='lat' dir='ltr'>oritur</span> <span class='ocrx_word' id='word_1_163' title='bbox 2189 2316 2506 2401; x_wconf 88' lang='lat' dir='ltr'>quaestio,</span> <span class='ocrx_word' id='word_1_164' title='bbox 2534 2336 2685 2381; x_wconf 91' lang='lat' dir='ltr'>num</span> <span class='ocrx_word' id='word_1_165' title='bbox 2701 2335 2831 2382; x_wconf 85' lang='lat' dir='ltr'>vox</span> <span class='ocrx_word' id='word_1_166' title='bbox 2853 2315 3209 2399; x_wconf 72' lang='grc' dir='ltr'><strong>..ἱκέται““)</strong></span> 
     </span>
     <span class='ocr_line' id='line_1_21' title="bbox 743 2421 3208 2509; baseline -0 -21"><span class='ocrx_word' id='word_1_167' title='bbox 743 2422 837 2488; x_wconf 91' lang='lat' dir='ltr'>ad</span> <span class='ocrx_word' id='word_1_168' title='bbox 904 2443 1016 2489; x_wconf 92' lang='lat' dir='ltr'>eos</span> <span class='ocrx_word' id='word_1_169' title='bbox 1087 2422 1417 2508; x_wconf 91' lang='lat' dir='ltr'>supplices</span> <span class='ocrx_word' id='word_1_170' title='bbox 1472 2421 1813 2488; x_wconf 85' lang='lat' dir='ltr'>referenda</span> <span class='ocrx_word' id='word_1_171' title='bbox 1870 2423 1981 2508; x_wconf 90' lang='lat' dir='ltr'>sit,</span> <span class='ocrx_word' id='word_1_172' title='bbox 2048 2423 2158 2506; x_wconf 91' lang='lat' dir='ltr'>qui</span> <span class='ocrx_word' id='word_1_173' title='bbox 2213 2442 2255 2488; x_wconf 89' lang='lat' dir='ltr'>a</span> <span class='ocrx_word' id='word_1_174' title='bbox 2308 2422 2550 2508; x_wconf 89' lang='lat' dir='ltr'>populo</span> <span class='ocrx_word' id='word_1_175' title='bbox 2607 2422 3056 2509; x_wconf 90' lang='lat' dir='ltr'>impunitatem</span> <span class='ocrx_word' id='word_1_176' title='bbox 3108 2441 3208 2487; x_wconf 90' lang='lat' dir='ltr'>ro-</span> 
     </span>
     <span class='ocr_line' id='line_1_22' title="bbox 745 2527 3208 2615; baseline -0 -20"><span class='ocrx_word' id='word_1_177' title='bbox 745 2529 953 2615; x_wconf 88' lang='lat' dir='ltr'>gandi</span> <span class='ocrx_word' id='word_1_178' title='bbox 969 2529 1291 2615; x_wconf 85' lang='lat' dir='ltr'>petierint,</span> <span class='ocrx_word' id='word_1_179' title='bbox 1312 2535 1379 2595; x_wconf 91' lang='lat' dir='ltr'>et</span> <span class='ocrx_word' id='word_1_180' title='bbox 1395 2535 1743 2614; x_wconf 90' lang='lat' dir='ltr'>propterea</span> <span class='ocrx_word' id='word_1_181' title='bbox 1763 2527 1847 2594; x_wconf 92' lang='lat' dir='ltr'>de</span> <span class='ocrx_word' id='word_1_182' title='bbox 1870 2528 2044 2614; x_wconf 67' lang='grc' dir='ltr'>ἀδείᾳ</span> <span class='ocrx_word' id='word_1_183' title='bbox 2066 2529 2188 2595; x_wconf 92' lang='lat' dir='ltr'>hoc</span> <span class='ocrx_word' id='word_1_184' title='bbox 2218 2529 2364 2596; x_wconf 92' lang='lat' dir='ltr'>loco</span> <span class='ocrx_word' id='word_1_185' title='bbox 2395 2528 2811 2614; x_wconf 88' lang='lat' dir='ltr'>cogitandum</span> <span class='ocrx_word' id='word_1_186' title='bbox 2842 2531 2944 2597; x_wconf 92' lang='lat' dir='ltr'>sit.</span> <span class='ocrx_word' id='word_1_187' title='bbox 2995 2530 3208 2613; x_wconf 87' lang='lat' dir='ltr'>Atque</span> 
     </span>
     <span class='ocr_line' id='line_1_23' title="bbox 743 2633 3209 2725; baseline -0.001 -22"><span class='ocrx_word' id='word_1_188' title='bbox 743 2637 1153 2703; x_wconf 85' lang='lat' dir='ltr'>Schoemann</span> <span class='ocrx_word' id='word_1_189' title='bbox 1209 2634 1486 2722; x_wconf 86' lang='lat' dir='ltr'>quidem,</span> <span class='ocrx_word' id='word_1_190' title='bbox 1544 2636 1653 2720; x_wconf 90' lang='lat' dir='ltr'>qui</span> <span class='ocrx_word' id='word_1_191' title='bbox 1711 2637 1775 2720; x_wconf 93' lang='lat' dir='ltr'>[l.</span> <span class='ocrx_word' id='word_1_192' title='bbox 1834 2633 1902 2725; x_wconf 92' lang='lat' dir='ltr'>l.]</span> <span class='ocrx_word' id='word_1_193' title='bbox 1951 2635 2140 2702; x_wconf 91' lang='lat' dir='ltr'>huius</span> <span class='ocrx_word' id='word_1_194' title='bbox 2188 2637 2402 2703; x_wconf 91' lang='lat' dir='ltr'>oneris</span> <span class='ocrx_word' id='word_1_195' title='bbox 2459 2636 2850 2703; x_wconf 81' lang='lat' dir='ltr'>levationem</span> <span class='ocrx_word' id='word_1_196' title='bbox 2906 2656 3050 2703; x_wconf 91' lang='lat' dir='ltr'>cum</span> <span class='ocrx_word' id='word_1_197' title='bbox 3095 2634 3209 2701; x_wconf 86' lang='lat' dir='ltr'>de·</span> 
     </span>
     <span class='ocr_line' id='line_1_24' title="bbox 744 2742 3207 2829; baseline -0 -20"><span class='ocrx_word' id='word_1_198' title='bbox 744 2743 1021 2809; x_wconf 89' lang='lat' dir='ltr'>bitorum</span> <span class='ocrx_word' id='word_1_199' title='bbox 1050 2743 1430 2809; x_wconf 89' lang='lat' dir='ltr'>remissione</span> <span class='ocrx_word' id='word_1_200' title='bbox 1457 2743 1806 2829; x_wconf 89' lang='lat' dir='ltr'>coniungit,</span> <span class='ocrx_word' id='word_1_201' title='bbox 1828 2742 2127 2809; x_wconf 88' lang='lat' dir='ltr'>concedit</span> <span class='ocrx_word' id='word_1_202' title='bbox 2147 2745 2207 2808; x_wconf 91' lang='lat' dir='ltr'>ei</span> <span class='ocrx_word' id='word_1_203' title='bbox 2227 2743 2581 2810; x_wconf 86' lang='lat' dir='ltr'>trierarcho</span> <span class='ocrx_word' id='word_1_204' title='bbox 2604 2743 2776 2829; x_wconf 62' lang='grc' dir='ltr'>ἀδείᾳ</span> <span class='ocrx_word' id='word_1_205' title='bbox 2799 2764 2962 2829; x_wconf 92' lang='lat' dir='ltr'>opus</span> <span class='ocrx_word' id='word_1_206' title='bbox 2984 2743 3207 2809; x_wconf 89' lang='lat' dir='ltr'>fuisse.</span> 
     </span>
     <span class='ocr_line' id='line_1_25' title="bbox 739 2849 3206 2934; baseline -0.001 -17"><span class='ocrx_word' id='word_1_207' title='bbox 739 2849 1155 2934; x_wconf 84' lang='lat' dir='ltr'>Quamquam</span> <span class='ocrx_word' id='word_1_208' title='bbox 1174 2869 1413 2916; x_wconf 87' lang='lat' dir='ltr'>causae</span> <span class='ocrx_word' id='word_1_209' title='bbox 1435 2849 1706 2915; x_wconf 91' lang='lat' dir='ltr'>duorum</span> <span class='ocrx_word' id='word_1_210' title='bbox 1727 2850 1935 2924; x_wconf 78' lang='grc' dir='ltr'>ἀδείας</span> <span class='ocrx_word' id='word_1_211' title='bbox 1952 2870 2259 2934; x_wconf 83' lang='lat' dir='ltr'>generum</span> <span class='ocrx_word' id='word_1_212' title='bbox 2277 2871 2408 2916; x_wconf 92' lang='lat' dir='ltr'>non</span> <span class='ocrx_word' id='word_1_213' title='bbox 2441 2849 2710 2918; x_wconf 87' lang='lat' dir='ltr'>eaedem</span> <span class='ocrx_word' id='word_1_214' title='bbox 2741 2858 2890 2917; x_wconf 90' lang='lat' dir='ltr'>sunt</span> <span class='ocrx_word' id='word_1_215' title='bbox 2918 2851 3206 2934; x_wconf 90' lang='lat' dir='ltr'>eiusque,</span> 
     </span>
     <span class='ocr_line' id='line_1_26' title="bbox 746 2955 3208 3043; baseline -0.001 -20"><span class='ocrx_word' id='word_1_216' title='bbox 746 2957 830 3023; x_wconf 89' lang='lat' dir='ltr'>de</span> <span class='ocrx_word' id='word_1_217' title='bbox 886 2978 1015 3041; x_wconf 89' lang='lat' dir='ltr'>qua</span> <span class='ocrx_word' id='word_1_218' title='bbox 1069 2978 1238 3022; x_wconf 92' lang='lat' dir='ltr'>nunc</span> <span class='ocrx_word' id='word_1_219' title='bbox 1302 2957 1537 3040; x_wconf 86' lang='lat' dir='ltr'>agitur,</span> <span class='ocrx_word' id='word_1_220' title='bbox 1601 2957 1965 3040; x_wconf 83' lang='lat' dir='ltr'>rogationis</span> <span class='ocrx_word' id='word_1_221' title='bbox 2028 2957 2477 3042; x_wconf 89' lang='lat' dir='ltr'>impunitatem</span> <span class='ocrx_word' id='word_1_222' title='bbox 2539 2976 2670 3023; x_wconf 92' lang='lat' dir='ltr'>non</span> <span class='ocrx_word' id='word_1_223' title='bbox 2732 2955 3208 3043; x_wconf 87' lang='lat' dir='ltr'>impetrandam</span> 
     </span>
     <span class='ocr_line' id='line_1_27' title="bbox 747 3063 3205 3150; baseline 0.001 -22"><span class='ocrx_word' id='word_1_224' title='bbox 747 3063 957 3131; x_wconf 89' lang='lat' dir='ltr'>fuisse</span> <span class='ocrx_word' id='word_1_225' title='bbox 1005 3085 1046 3127; x_wconf 91' lang='lat' dir='ltr'>a</span> <span class='ocrx_word' id='word_1_226' title='bbox 1090 3064 1332 3148; x_wconf 92' lang='lat' dir='ltr'>populo</span> <span class='ocrx_word' id='word_1_227' title='bbox 1388 3064 1514 3128; x_wconf 92' lang='lat' dir='ltr'>nisi</span> <span class='ocrx_word' id='word_1_228' title='bbox 1570 3073 1745 3129; x_wconf 90' lang='lat' dir='ltr'>certo</span> <span class='ocrx_word' id='word_1_229' title='bbox 1803 3064 2111 3147; x_wconf 89' lang='lat' dir='ltr'>temporis</span> <span class='ocrx_word' id='word_1_230' title='bbox 2168 3064 2383 3150; x_wconf 91' lang='lat' dir='ltr'>spatio</span> <span class='ocrx_word' id='word_1_231' title='bbox 2439 3070 2672 3149; x_wconf 88' lang='lat' dir='ltr'>postca</span> <span class='ocrx_word' id='word_1_232' title='bbox 2730 3064 3205 3131; x_wconf 89' lang='lat' dir='ltr'>demonstrabo.</span> 
     </span>
    </p>

    <p class='ocr_par' dir='ltr' id='par_1_6' title="bbox 742 3169 3207 3363">
     <span class='ocr_line' id='line_1_28' title="bbox 925 3169 3207 3256; baseline 0 -19"><span class='ocrx_word' id='word_1_233' title='bbox 925 3171 1111 3238; x_wconf 87' lang='lat' dir='ltr'>Nunc</span> <span class='ocrx_word' id='word_1_234' title='bbox 1157 3175 1391 3253; x_wconf 89' lang='lat' dir='ltr'>autem,</span> <span class='ocrx_word' id='word_1_235' title='bbox 1438 3189 1568 3254; x_wconf 89' lang='lat' dir='ltr'>qua</span> <span class='ocrx_word' id='word_1_236' title='bbox 1615 3169 1698 3236; x_wconf 93' lang='lat' dir='ltr'>de</span> <span class='ocrx_word' id='word_1_237' title='bbox 1746 3189 1949 3236; x_wconf 86' lang='lat' dir='ltr'>causa</span> <span class='ocrx_word' id='word_1_238' title='bbox 2008 3170 2181 3236; x_wconf 80' lang='grc' dir='ltr'>ἄδεια</span> <span class='ocrx_word' id='word_1_239' title='bbox 2227 3170 2449 3236; x_wconf 89' lang='lat' dir='ltr'>danda</span> <span class='ocrx_word' id='word_1_240' title='bbox 2496 3169 2715 3255; x_wconf 84' lang='lat' dir='ltr'>fuerit,</span> <span class='ocrx_word' id='word_1_241' title='bbox 2772 3170 3207 3256; x_wconf 81' lang='lat' dir='ltr'>exploremus.</span> 
     </span>
     <span class='ocr_line' id='line_1_29' title="bbox 742 3275 3205 3363; baseline 0 -21"><span class='ocrx_word' id='word_1_242' title='bbox 742 3278 868 3344; x_wconf 90' lang='lat' dir='ltr'>Hic</span> <span class='ocrx_word' id='word_1_243' title='bbox 932 3276 1111 3343; x_wconf 91' lang='lat' dir='ltr'>dicat</span> <span class='ocrx_word' id='word_1_244' title='bbox 1176 3275 1457 3343; x_wconf 84' lang='lat' dir='ltr'>fortasse</span> <span class='ocrx_word' id='word_1_245' title='bbox 1520 3277 1845 3363; x_wconf 90' lang='lat' dir='ltr'>quispiam</span> <span class='ocrx_word' id='word_1_246' title='bbox 1906 3277 2020 3343; x_wconf 93' lang='lat' dir='ltr'>illo</span> <span class='ocrx_word' id='word_1_247' title='bbox 2083 3278 2427 3363; x_wconf 82' lang='lat' dir='ltr'>privilegio</span> <span class='ocrx_word' id='word_1_248' title='bbox 2493 3278 2816 3344; x_wconf 86' lang='lat' dir='ltr'>aerarium</span> <span class='ocrx_word' id='word_1_249' title='bbox 2874 3278 3205 3363; x_wconf 88' lang='lat' dir='ltr'>publicum</span> 
     </span>
    </p>
   </div>
   <div class='ocr_carea' id='block_1_5' title="bbox 740 3405 1172 3413">
    <p class='ocr_par' dir='ltr' id='par_1_7' title="bbox 740 3405 1172 3413">
     <span class='ocr_line' id='line_1_30' title="bbox 740 3405 1172 3413; baseline 0 1979"><span class='ocrx_word' id='word_1_250' title='bbox 740 3405 1172 3413; x_wconf 95' lang='lat' dir='ltr'> </span> 
     </span>
    </p>
   </div>
   <div class='ocr_carea' id='block_1_6' title="bbox 738 3454 3205 4777">
    <p class='ocr_par' dir='ltr' id='par_1_8' title="bbox 928 3454 1688 3524">
     <span class='ocr_line' id='line_1_31' title="bbox 928 3454 1688 3524; baseline 0.001 -15"><span class='ocrx_word' id='word_1_251' title='bbox 928 3454 976 3524; x_wconf 86' lang='lat'>¹)</span> <span class='ocrx_word' id='word_1_252' title='bbox 1014 3457 1172 3510; x_wconf 88' lang='lat' dir='ltr'>Dem.</span> <span class='ocrx_word' id='word_1_253' title='bbox 1211 3455 1312 3509; x_wconf 89' lang='lat' dir='ltr'>XX</span> <span class='ocrx_word' id='word_1_254' title='bbox 1353 3455 1436 3509; x_wconf 88' lang='lat'>18.</span> <span class='ocrx_word' id='word_1_255' title='bbox 1476 3456 1562 3509; x_wconf 96' lang='grc'>27.</span> <span class='ocrx_word' id='word_1_256' title='bbox 1600 3456 1688 3510; x_wconf 83' lang='grc'>28.</span> 
     </span>
    </p>

    <p class='ocr_par' dir='ltr' id='par_1_9' title="bbox 738 3544 3205 3969">
     <span class='ocr_line' id='line_1_32' title="bbox 925 3544 3205 3616; baseline -0.001 -16"><span class='ocrx_word' id='word_1_257' title='bbox 925 3544 968 3612; x_wconf 82' lang='lat'>²)</span> <span class='ocrx_word' id='word_1_258' title='bbox 1006 3545 1072 3601; x_wconf 88' lang='lat' dir='ltr'>cf.</span> <span class='ocrx_word' id='word_1_259' title='bbox 1110 3546 1265 3599; x_wconf 87' lang='lat' dir='ltr'>Dem.</span> <span class='ocrx_word' id='word_1_260' title='bbox 1303 3544 1434 3599; x_wconf 89' lang='lat' dir='ltr'>XIV</span> <span class='ocrx_word' id='word_1_261' title='bbox 1473 3546 1559 3600; x_wconf 87' lang='grc'>16.</span> <span class='ocrx_word' id='word_1_262' title='bbox 1597 3544 1727 3599; x_wconf 88' lang='lat' dir='ltr'>Orbi</span> <span class='ocrx_word' id='word_1_263' title='bbox 1766 3545 1942 3599; x_wconf 81' lang='lat' dir='ltr'>etiam</span> <span class='ocrx_word' id='word_1_264' title='bbox 1986 3544 2235 3614; x_wconf 83' lang='lat' dir='ltr'>proximo</span> <span class='ocrx_word' id='word_1_265' title='bbox 2282 3549 2412 3616; x_wconf 87' lang='lat' dir='ltr'>post</span> <span class='ocrx_word' id='word_1_266' title='bbox 2460 3545 2700 3601; x_wconf 87' lang='lat' dir='ltr'>tutelam</span> <span class='ocrx_word' id='word_1_267' title='bbox 2751 3562 2895 3601; x_wconf 80' lang='lat' dir='ltr'>anno</span> <span class='ocrx_word' id='word_1_268' title='bbox 2931 3545 3205 3599; x_wconf 79' lang='lat' dir='ltr'>immunes</span> 
     </span>
     <span class='ocr_line' id='line_1_33' title="bbox 738 3633 3204 3795; baseline -0 -17"><span class='ocrx_word' id='word_1_269' title='bbox 738 3633 1579 3792; x_wconf 44' lang='lat' dir='ltr'>emnt’⁸)0fdf.L&#39;)Ir{iu{mc}e}Hl.2ff</span> <span class='ocrx_word' id='word_1_270' title='bbox 1608 3740 1662 3792; x_wconf 87' lang='lat' dir='ltr'>p.</span> <span class='ocrx_word' id='word_1_271' title='bbox 1707 3724 1838 3788; x_wconf 82' lang='lat'>118;</span> <span class='ocrx_word' id='word_1_272' title='bbox 1896 3723 2137 3795; x_wconf 84' lang='lat' dir='ltr'>Gilbert:</span> <span class='ocrx_word' id='word_1_273' title='bbox 2191 3723 2545 3779; x_wconf 78' lang='lat' dir='ltr'>›Staatsalt.‹</span> <span class='ocrx_word' id='word_1_274' title='bbox 2586 3724 2613 3777; x_wconf 97' lang='lat' dir='ltr'>I</span> <span class='ocrx_word' id='word_1_275' title='bbox 2648 3743 2705 3793; x_wconf 88' lang='lat' dir='ltr'>p.</span> <span class='ocrx_word' id='word_1_276' title='bbox 2742 3724 2863 3790; x_wconf 80' lang='lat'>353,</span> <span class='ocrx_word' id='word_1_277' title='bbox 2903 3726 2961 3789; x_wconf 69' lang='lat'>13</span> <span class='ocrx_word' id='word_1_278' title='bbox 3011 3722 3204 3778; x_wconf 79' lang='lat' dir='ltr'>Busolt</span> 
     </span>
     <span class='ocr_line' id='line_1_34' title="bbox 742 3808 3204 3883; baseline 0 -17"><span class='ocrx_word' id='word_1_279' title='bbox 742 3812 778 3880; x_wconf 62' lang='grc' dir='ltr'><strong>ἓ</strong></span> <span class='ocrx_word' id='word_1_280' title='bbox 806 3813 913 3867; x_wconf 87' lang='grc'>223</span> <span class='ocrx_word' id='word_1_281' title='bbox 949 3831 1002 3882; x_wconf 90' lang='grc' dir='ltr'>Ρ.</span> <span class='ocrx_word' id='word_1_282' title='bbox 1036 3812 1153 3878; x_wconf 87' lang='grc'><strong>196,</strong></span> <span class='ocrx_word' id='word_1_283' title='bbox 1187 3812 1270 3867; x_wconf 90' lang='grc'>13.</span> <span class='ocrx_word' id='word_1_284' title='bbox 1352 3811 1496 3877; x_wconf 80' lang='lat' dir='ltr'>Quos</span> <span class='ocrx_word' id='word_1_285' title='bbox 1546 3813 1713 3867; x_wconf 85' lang='lat' dir='ltr'>verba</span> <span class='ocrx_word' id='word_1_286' title='bbox 1765 3808 1842 3862; x_wconf 75' lang='grc' dir='ltr'>»οἱ</span> <span class='ocrx_word' id='word_1_287' title='bbox 1887 3809 2151 3863; x_wconf 67' lang='grc' dir='ltr'><strong>ἀδύνατοι(</strong></span> <span class='ocrx_word' id='word_1_288' title='bbox 2203 3813 2534 3883; x_wconf 80' lang='lat' dir='ltr'>significent,</span> <span class='ocrx_word' id='word_1_289' title='bbox 2579 3830 2690 3869; x_wconf 87' lang='lat' dir='ltr'>non</span> <span class='ocrx_word' id='word_1_290' title='bbox 2733 3816 2882 3868; x_wconf 78' lang='lat' dir='ltr'>recte</span> <span class='ocrx_word' id='word_1_291' title='bbox 2923 3812 3204 3868; x_wconf 73' lang='lat' dir='ltr'>intellexit</span> 
     </span>
     <span class='ocr_line' id='line_1_35' title="bbox 743 3899 1964 3969; baseline 0 -13"><span class='ocrx_word' id='word_1_292' title='bbox 743 3902 1051 3956; x_wconf 86' lang='lat' dir='ltr'>Hermann:</span> <span class='ocrx_word' id='word_1_293' title='bbox 1086 3901 1209 3956; x_wconf 80' lang='lat' dir='ltr'>›Gr.</span> <span class='ocrx_word' id='word_1_294' title='bbox 1251 3899 1600 3956; x_wconf 77' lang='lat' dir='ltr'>Staatsalt.⁵‹</span> <span class='ocrx_word' id='word_1_295' title='bbox 1641 3902 1673 3969; x_wconf 63' lang='lat' dir='ltr'>g</span> <span class='ocrx_word' id='word_1_296' title='bbox 1718 3902 1837 3967; x_wconf 89' lang='grc'><strong>162,</strong></span> <span class='ocrx_word' id='word_1_297' title='bbox 1880 3903 1964 3957; x_wconf 89' lang='grc'>13.</span> 
     </span>
    </p>

    <p class='ocr_par' dir='ltr' id='par_1_10' title="bbox 928 3990 2855 4060">
     <span class='ocr_line' id='line_1_36' title="bbox 928 3990 2855 4060; baseline 0.001 -15"><span class='ocrx_word' id='word_1_298' title='bbox 928 3990 973 4059; x_wconf 77' lang='lat'>⁴)</span> <span class='ocrx_word' id='word_1_299' title='bbox 1019 3990 1086 4045; x_wconf 87' lang='lat' dir='ltr'>cf.</span> <span class='ocrx_word' id='word_1_300' title='bbox 1126 3990 1300 4045; x_wconf 86' lang='lat' dir='ltr'>etiam</span> <span class='ocrx_word' id='word_1_301' title='bbox 1335 3990 1927 4046; x_wconf 83' lang='lat' dir='ltr'>Hauvette-Besnault</span> <span class='ocrx_word' id='word_1_302' title='bbox 1962 4009 2017 4060; x_wconf 88' lang='lat' dir='ltr'>p.</span> <span class='ocrx_word' id='word_1_303' title='bbox 2056 3991 2151 4056; x_wconf 85' lang='grc'>68;</span> <span class='ocrx_word' id='word_1_304' title='bbox 2199 3991 2392 4046; x_wconf 81' lang='lat' dir='ltr'>Busolt</span> <span class='ocrx_word' id='word_1_305' title='bbox 2429 3992 2460 4058; x_wconf 63' lang='grc' dir='ltr'><strong><em>ξ</em></strong></span> <span class='ocrx_word' id='word_1_306' title='bbox 2498 3992 2605 4046; x_wconf 87' lang='grc'>223</span> <span class='ocrx_word' id='word_1_307' title='bbox 2639 4008 2694 4060; x_wconf 92' lang='grc' dir='ltr'>Ρ.</span> <span class='ocrx_word' id='word_1_308' title='bbox 2735 3991 2855 4047; x_wconf 86' lang='grc'><strong>197.</strong></span> 
     </span>
    </p>

    <p class='ocr_par' dir='ltr' id='par_1_11' title="bbox 739 4078 3203 4239">
     <span class='ocr_line' id='line_1_37' title="bbox 926 4078 3203 4150; baseline 0 -17"><span class='ocrx_word' id='word_1_309' title='bbox 926 4078 977 4148; x_wconf 77' lang='lat'>⁶)</span> <span class='ocrx_word' id='word_1_310' title='bbox 1022 4078 1422 4135; x_wconf 86' lang='lat' dir='ltr'>Posterioribus</span> <span class='ocrx_word' id='word_1_311' title='bbox 1476 4080 1817 4150; x_wconf 84' lang='lat' dir='ltr'>temporibus</span> <span class='ocrx_word' id='word_1_312' title='bbox 1871 4078 2139 4148; x_wconf 90' lang='lat' dir='ltr'>inquilini</span> <span class='ocrx_word' id='word_1_313' title='bbox 2194 4097 2415 4149; x_wconf 90' lang='lat' dir='ltr'>quoque</span> <span class='ocrx_word' id='word_1_314' title='bbox 2468 4080 2527 4133; x_wconf 89' lang='lat' dir='ltr'>id</span> <span class='ocrx_word' id='word_1_315' title='bbox 2571 4096 2771 4133; x_wconf 86' lang='lat' dir='ltr'>munus</span> <span class='ocrx_word' id='word_1_316' title='bbox 2818 4080 3203 4150; x_wconf 57' lang='lat' dir='ltr'>praestabam</span> 
     </span>
     <span class='ocr_line' id='line_1_38' title="bbox 739 4168 2951 4239; baseline -0 -15"><span class='ocrx_word' id='word_1_317' title='bbox 739 4168 811 4224; x_wconf 88' lang='lat' dir='ltr'>cf.</span> <span class='ocrx_word' id='word_1_318' title='bbox 851 4168 994 4225; x_wconf 87' lang='lat' dir='ltr'>cJA.</span> <span class='ocrx_word' id='word_1_319' title='bbox 1031 4169 1087 4223; x_wconf 91' lang='grc' dir='ltr'>Π</span> <span class='ocrx_word' id='word_1_320' title='bbox 1122 4169 1255 4235; x_wconf 84' lang='grc'><strong>414;</strong></span> <span class='ocrx_word' id='word_1_321' title='bbox 1300 4188 1352 4223; x_wconf 85' lang='lat' dir='ltr'>v.</span> <span class='ocrx_word' id='word_1_322' title='bbox 1393 4168 1609 4224; x_wconf 85' lang='lat' dir='ltr'>Gilbert</span> <span class='ocrx_word' id='word_1_323' title='bbox 1645 4170 1672 4223; x_wconf 97' lang='lat' dir='ltr'>I</span> <span class='ocrx_word' id='word_1_324' title='bbox 1713 4170 1814 4224; x_wconf 90' lang='grc'>172</span> <span class='ocrx_word' id='word_1_325' title='bbox 1852 4170 1979 4225; x_wconf 86' lang='lat' dir='ltr'>adn.</span> <span class='ocrx_word' id='word_1_326' title='bbox 2016 4170 2075 4235; x_wconf 81' lang='lat'>33</span> <span class='ocrx_word' id='word_1_327' title='bbox 2124 4170 2320 4224; x_wconf 76' lang='lat' dir='ltr'>Busolt</span> <span class='ocrx_word' id='word_1_328' title='bbox 2356 4172 2387 4233; x_wconf 62' lang='grc' dir='ltr'>ὅ</span> <span class='ocrx_word' id='word_1_329' title='bbox 2428 4171 2495 4224; x_wconf 85' lang='grc'>15</span> <span class='ocrx_word' id='word_1_330' title='bbox 2531 4187 2586 4239; x_wconf 93' lang='grc' dir='ltr'>Ρ.</span> <span class='ocrx_word' id='word_1_331' title='bbox 2629 4170 2697 4224; x_wconf 84' lang='grc'>15</span> <span class='ocrx_word' id='word_1_332' title='bbox 2734 4169 2861 4225; x_wconf 85' lang='lat' dir='ltr'>adn.</span> <span class='ocrx_word' id='word_1_333' title='bbox 2899 4170 2951 4223; x_wconf 92' lang='grc'>2.</span> 
     </span>
    </p>

    <p class='ocr_par' dir='ltr' id='par_1_12' title="bbox 930 4257 2108 4326">
     <span class='ocr_line' id='line_1_39' title="bbox 930 4257 2108 4326; baseline -0.002 -12"><span class='ocrx_word' id='word_1_334' title='bbox 930 4257 980 4325; x_wconf 80' lang='lat'>⁶)</span> <span class='ocrx_word' id='word_1_335' title='bbox 1018 4259 1085 4314; x_wconf 86' lang='lat' dir='ltr'>cf.</span> <span class='ocrx_word' id='word_1_336' title='bbox 1124 4259 1279 4315; x_wconf 88' lang='lat' dir='ltr'>Dem.</span> <span class='ocrx_word' id='word_1_337' title='bbox 1316 4258 1419 4312; x_wconf 89' lang='lat' dir='ltr'>XX</span> <span class='ocrx_word' id='word_1_338' title='bbox 1459 4259 1552 4324; x_wconf 75' lang='lat'>183</span> <span class='ocrx_word' id='word_1_339' title='bbox 1600 4259 1666 4313; x_wconf 83' lang='lat' dir='ltr'>cf.</span> <span class='ocrx_word' id='word_1_340' title='bbox 1703 4258 1838 4313; x_wconf 91' lang='lat' dir='ltr'>ibid.</span> <span class='ocrx_word' id='word_1_341' title='bbox 1876 4260 1909 4326; x_wconf 67' lang='grc' dir='ltr'>ξ</span> <span class='ocrx_word' id='word_1_342' title='bbox 1947 4259 2108 4326; x_wconf 58' lang='grc'><strong>2639.</strong></span> 
     </span>
    </p>

    <p class='ocr_par' dir='ltr' id='par_1_13' title="bbox 928 4345 3204 4417">
     <span class='ocr_line' id='line_1_40' title="bbox 928 4345 3204 4417; baseline -0.001 -14"><span class='ocrx_word' id='word_1_343' title='bbox 928 4345 974 4416; x_wconf 76' lang='lat'>⁷)</span> <span class='ocrx_word' id='word_1_344' title='bbox 1011 4347 1079 4403; x_wconf 87' lang='lat' dir='ltr'>cf.</span> <span class='ocrx_word' id='word_1_345' title='bbox 1116 4348 1270 4403; x_wconf 89' lang='lat' dir='ltr'>Dem.</span> <span class='ocrx_word' id='word_1_346' title='bbox 1309 4348 1495 4403; x_wconf 89' lang='lat' dir='ltr'>XVIII</span> <span class='ocrx_word' id='word_1_347' title='bbox 1534 4348 1636 4403; x_wconf 90' lang='grc'>107</span> <span class='ocrx_word' id='word_1_348' title='bbox 1675 4350 1733 4402; x_wconf 83' lang='lat' dir='ltr'>et</span> <span class='ocrx_word' id='word_1_349' title='bbox 1768 4349 1895 4417; x_wconf 87' lang='lat' dir='ltr'>Ulp.</span> <span class='ocrx_word' id='word_1_350' title='bbox 1935 4348 2007 4402; x_wconf 88' lang='lat' dir='ltr'>ad</span> <span class='ocrx_word' id='word_1_351' title='bbox 2042 4349 2099 4405; x_wconf 95' lang='lat' dir='ltr'>h.</span> <span class='ocrx_word' id='word_1_352' title='bbox 2127 4347 2165 4402; x_wconf 91' lang='lat'>1.</span> <span class='ocrx_word' id='word_1_353' title='bbox 2178 4369 2191 4413; x_wconf 91' lang='lat'>;</span> <span class='ocrx_word' id='word_1_354' title='bbox 2229 4366 2281 4402; x_wconf 84' lang='lat' dir='ltr'>v.</span> <span class='ocrx_word' id='word_1_355' title='bbox 2311 4346 2557 4402; x_wconf 86' lang='lat' dir='ltr'>Boeckh:</span> <span class='ocrx_word' id='word_1_356' title='bbox 2601 4348 2714 4403; x_wconf 75' lang='lat' dir='ltr'>·St.</span> <span class='ocrx_word' id='word_1_357' title='bbox 2742 4347 2795 4402; x_wconf 90' lang='lat' dir='ltr'>d.</span> <span class='ocrx_word' id='word_1_358' title='bbox 2816 4346 2982 4402; x_wconf 85' lang='lat' dir='ltr'>Ath.‹</span> <span class='ocrx_word' id='word_1_359' title='bbox 3021 4348 3048 4401; x_wconf 96' lang='lat' dir='ltr'>I</span> <span class='ocrx_word' id='word_1_360' title='bbox 3078 4346 3204 4402; x_wconf 90' lang='grc'><strong>701.</strong></span> 
     </span>
    </p>

    <p class='ocr_par' dir='ltr' id='par_1_14' title="bbox 931 4435 2540 4505">
     <span class='ocr_line' id='line_1_41' title="bbox 931 4435 2540 4505; baseline 0.001 -13"><span class='ocrx_word' id='word_1_361' title='bbox 931 4435 973 4505; x_wconf 69' lang='lat'>⁸)</span> <span class='ocrx_word' id='word_1_362' title='bbox 1011 4437 1080 4492; x_wconf 88' lang='lat' dir='ltr'>cf.</span> <span class='ocrx_word' id='word_1_363' title='bbox 1116 4438 1271 4492; x_wconf 91' lang='lat' dir='ltr'>Dem.</span> <span class='ocrx_word' id='word_1_364' title='bbox 1309 4438 1346 4491; x_wconf 95' lang='lat'>1.</span> <span class='ocrx_word' id='word_1_365' title='bbox 1384 4436 1431 4503; x_wconf 91' lang='lat' dir='ltr'>l;</span> <span class='ocrx_word' id='word_1_366' title='bbox 1470 4437 1536 4492; x_wconf 90' lang='lat' dir='ltr'>de</span> <span class='ocrx_word' id='word_1_367' title='bbox 1571 4437 1799 4492; x_wconf 85' lang='lat' dir='ltr'>notione</span> <span class='ocrx_word' id='word_1_368' title='bbox 1833 4437 1982 4493; x_wconf 85' lang='lat' dir='ltr'>vocis</span> <span class='ocrx_word' id='word_1_369' title='bbox 2016 4456 2068 4492; x_wconf 84' lang='lat' dir='ltr'>v.</span> <span class='ocrx_word' id='word_1_370' title='bbox 2108 4436 2256 4491; x_wconf 87' lang='lat' dir='ltr'>infra</span> <span class='ocrx_word' id='word_1_371' title='bbox 2290 4455 2333 4493; x_wconf 91' lang='lat' dir='ltr'>s.</span> <span class='ocrx_word' id='word_1_372' title='bbox 2370 4437 2453 4491; x_wconf 90' lang='lat' dir='ltr'>III</span> <span class='ocrx_word' id='word_1_373' title='bbox 2491 4439 2540 4493; x_wconf 92' lang='lat'>1.</span> 
     </span>
    </p>

    <p class='ocr_par' dir='ltr' id='par_1_15' title="bbox 918 4525 2118 4596">
     <span class='ocr_line' id='line_1_42' title="bbox 918 4525 2118 4596; baseline -0.001 -14"><span class='ocrx_word' id='word_1_374' title='bbox 918 4525 975 4594; x_wconf 65' lang='grc' dir='ltr'>Ὠ)</span> <span class='ocrx_word' id='word_1_375' title='bbox 1013 4527 1081 4582; x_wconf 87' lang='lat' dir='ltr'>cf.</span> <span class='ocrx_word' id='word_1_376' title='bbox 1120 4527 1187 4582; x_wconf 89' lang='lat' dir='ltr'>de</span> <span class='ocrx_word' id='word_1_377' title='bbox 1222 4526 1330 4583; x_wconf 87' lang='lat' dir='ltr'>hac</span> <span class='ocrx_word' id='word_1_378' title='bbox 1366 4544 1464 4581; x_wconf 85' lang='lat' dir='ltr'>ara</span> <span class='ocrx_word' id='word_1_379' title='bbox 1500 4527 1622 4596; x_wconf 80' lang='lat' dir='ltr'>Lys.</span> <span class='ocrx_word' id='word_1_380' title='bbox 1661 4527 1795 4582; x_wconf 93' lang='lat' dir='ltr'>XIII</span> <span class='ocrx_word' id='word_1_381' title='bbox 1831 4527 1917 4582; x_wconf 85' lang='lat'>24.</span> <span class='ocrx_word' id='word_1_382' title='bbox 2112 4555 2118 4571; x_wconf 64' lang='grc' dir='ltr'>ι</span> 
     </span>
    </p>

    <p class='ocr_par' dir='ltr' id='par_1_16' title="bbox 895 4615 2183 4687">
     <span class='ocr_line' id='line_1_43' title="bbox 895 4615 2183 4687; baseline -0.001 -15"><span class='ocrx_word' id='word_1_383' title='bbox 895 4615 967 4686; x_wconf 84' lang='lat'>¹⁰)</span> <span class='ocrx_word' id='word_1_384' title='bbox 1004 4617 1072 4672; x_wconf 88' lang='lat' dir='ltr'>cf.</span> <span class='ocrx_word' id='word_1_385' title='bbox 1110 4618 1362 4672; x_wconf 89' lang='lat' dir='ltr'>Platner:</span> <span class='ocrx_word' id='word_1_386' title='bbox 1406 4617 1586 4671; x_wconf 81' lang='lat' dir='ltr'>›Proc.</span> <span class='ocrx_word' id='word_1_387' title='bbox 1623 4635 1677 4672; x_wconf 90' lang='lat' dir='ltr'>u.</span> <span class='ocrx_word' id='word_1_388' title='bbox 1714 4618 1963 4687; x_wconf 76' lang='lat' dir='ltr'>magen&lt;</span> <span class='ocrx_word' id='word_1_389' title='bbox 2005 4618 2059 4671; x_wconf 94' lang='lat' dir='ltr'>II</span> <span class='ocrx_word' id='word_1_390' title='bbox 2096 4616 2183 4671; x_wconf 87' lang='grc'>98.</span> 
     </span>
    </p>

    <p class='ocr_par' dir='ltr' id='par_1_17' title="bbox 901 4703 2168 4777">
     <span class='ocr_line' id='line_1_44' title="bbox 901 4703 2168 4777; baseline 0.002 -18"><span class='ocrx_word' id='word_1_391' title='bbox 901 4705 971 4774; x_wconf 90' lang='lat'>¹¹)</span> <span class='ocrx_word' id='word_1_392' title='bbox 1008 4707 1098 4761; x_wconf 86' lang='lat' dir='ltr'>vel</span> <span class='ocrx_word' id='word_1_393' title='bbox 1136 4703 1424 4777; x_wconf 74' lang='grc' dir='ltr'>,,ἱκετηρὶας</span> <span class='ocrx_word' id='word_1_394' title='bbox 1462 4705 1670 4767; x_wconf 74' lang='grc' dir='ltr'>θέντες“</span> <span class='ocrx_word' id='word_1_395' title='bbox 1707 4707 1779 4772; x_wconf 84' lang='lat' dir='ltr'>(v.</span> <span class='ocrx_word' id='word_1_396' title='bbox 1820 4707 1974 4761; x_wconf 88' lang='lat' dir='ltr'>Dem.</span> <span class='ocrx_word' id='word_1_397' title='bbox 2011 4707 2048 4763; x_wconf 93' lang='grc'>1.</span> <span class='ocrx_word' id='word_1_398' title='bbox 2087 4706 2168 4773; x_wconf 87' lang='grc'><strong>1.).</strong></span> 
     </span>
    </p>
   </div>
  </div>
 </body>
</html>
