3567 5392
1588 420 1671 484 67

400 611 894 689 Schoemanni1)
924 611 1140 677 verbis
1169 619 1332 697 utar,
1357 613 1675 698 „populus
1713 613 1997 697 vectigal
2030 614 2358 697 quoddam
2385 634 2501 699 pro
2534 613 2863 705 cenaculis

403 718 473 782 in
518 718 687 783 viam
733 718 1241 803 prominentibus
1299 720 1691 805 foribusque,
1740 741 1909 803 quae
1955 720 2022 784 in
2068 721 2395 805 publicum
2444 722 2864 806 aperirentur,

399 824 668 891 aedium
731 826 1222 910 possessoribus
1286 827 1700 912 pendendum
1754 826 2118 912 imposuit.“
2234 827 2368 893 Sed
2425 826 2653 893 eadem
2709 828 2864 913 fere,

402 951 574 1013 quae
622 931 820 1016 paulo
870 938 1021 997 ante
1070 934 1360 1018 exposui,
1409 933 1492 999 de
1546 934 1671 1000 hoc
1725 954 1965 1018 genere
2030 933 2309 999 dicenda
2377 941 2542 1018 sunt,
2608 935 2730 1001 etsi
2795 935 2863 1000 id

400 1038 671 1121 quidem
721 1059 802 1104 ex
848 1039 983 1104 alia
1028 1041 1281 1106 ratione
1330 1041 1642 1126 explicari
1686 1047 1923 1126 potest.

590 1145 1060 1212 Gravissimum
1108 1147 1399 1231 denique·
1443 1156 1561 1234 est,
1617 1147 1793 1231 quod
1847 1147 2035 1213 nobis
2093 1146 2177 1213 de
2236 1149 2529 1232 pecuniis
2583 1149 2866 1233 publicis

405 1252 661 1318 vilitate
707 1274 1031 1320 nummum
1079 1256 1288 1321 auctis
1335 1255 1629 1321 traditur.
1723 1256 1827 1321 De
1875 1276 2004 1338 qua
2049 1276 2120 1321 re
2159 1255 2567 1321 Schoemann
2615 1256 2680 1339 [l.
2727 1256 2861 1341 l.2)]

399 1358 571 1424 haec
618 1361 804 1426 dicit:
858 1362 1369 1446 „Nonnunquam
1415 1364 1630 1448 etiam,
1688 1371 1759 1428 ut
1805 1363 2059 1428 aerario
2109 1362 2539 1446 subvenirent,
2573 1383 2864 1428 nummos

408 1466 675 1533 viliores
723 1469 873 1534 cudi
919 1469 1245 1535 iusserunt
1282 1470 1758 1548 (Athenienses)
1808 1470 2031 1552 eisque
2078 1469 2352 1554 pretium
2398 1469 2625 1554 maius,
2673 1460 2864 1553 quam

402 1594 534 1655 quo
588 1596 659 1641 re
722 1596 878 1641 vera
933 1584 1135 1661 erant,
1201 1577 1466 1662 publica
1521 1578 1909 1643 auctoritate
1965 1578 2338 1661 tribuerunt,
2396 1578 2628 1660 quibus
2688 1578 2865 1644 cives

402 1687 603 1763 atque
625 1682 922 1766 inquilini
940 1684 1110 1749 intra
1128 1685 1351 1750 urbem
1372 1685 1663 1768 finesque
1694 1684 1966 1769 imperii,
1988 1683 2460 1769 aliquantisper
2484 1691 2676 1768 certe,
2696 1684 2866 1751 inter

402 1808 479 1853 se
499 1788 594 1853 uti
617 1791 1043 1873 cogebantur3
1062 1790 1266 1856 veluti
1290 1790 1502 1856 Callia
1531 1791 1842 1856 archonte
1873 1789 2114 1855 factum
2142 1789 2414 1873 videtur,
2444 1797 2515 1854 ut
2543 1789 2730 1855 aenei
2759 1811 2864 1855 cu-

402 1895 728 1971 derentur,
750 1897 859 1979 qui
879 1918 995 1982 pro
1019 1898 1346 1982 argenteis
1366 1898 1718 1966 valerent.“
1736 1897 1788 1980 3)
1845 1896 1990 1975 Qua
2017 1897 2083 1962 in
2112 1918 2182 1963 re
2211 1917 2361 1962 num
2382 1896 2670 1980 rogatori
2690 1896 2865 1982 ἀδείᾳ

401 2021 571 2086 opus
600 2003 810 2088 fuerit,
843 2004 1189 2087 quaeritur.
1246 2006 1632 2090 Accepimus
1660 2012 1923 2090 praeter
1952 2011 2208 2071 ceteras
2241 2004 2543 2070 civitates
2574 2004 2864 2070 Graecas

404 2107 839 2176 Athenienses
858 2111 1204 2176 maximam
1223 2112 1354 2177 vim
1371 2112 1676 2178 tribuisse
1697 2112 1885 2178 bonis
1914 2112 2269 2189 nummis.⁴)
2328 2110 2518 2187 Quod
2549 2132 2694 2176 cum
2722 2117 2863 2176 tan-

402 2221 518 2281 tae
548 2217 725 2282 urbis
757 2218 1147 2284 auctoritate
1176 2225 1242 2283 et
1270 2218 1591 2302 dignitate
1621 2226 1752 2284 tum
1800 2239 2041 2303 magna
2079 2225 2144 2284 et
2182 2225 2578 2301 quaestuosa
2615 2238 2862 2284 merca-

403 2329 553 2387 tura
583 2323 950 2407 flagitatum
981 2332 1100 2394 est.
1161 2327 1411 2411 Nempe
1441 2328 1534 2391 rei
1562 2326 1963 2391 nummariae
1990 2326 2250 2392 bonitas
2280 2327 2547 2390 multum
2575 2324 2662 2389 ad
2695 2346 2862 2391 com—

404 2430 714 2496 mercium
762 2438 827 2497 et
871 2432 1092 2498 valere
1140 2433 1362 2499 debuit
1421 2439 1485 2497 et
1537 2433 1815 2499 Athenis
1861 2432 2082 2498 valuit.
2176 2431 2346 2508 Quin
2402 2433 2601 2497 etiam
2657 2431 2864 2497 forma

406 2546 808 2603 monetarum
855 2559 996 2603 cum
1044 2539 1109 2603 in
1157 2539 1308 2604 aliis
1357 2540 1547 2605 rebus
1593 2539 1875 2624 publicis
1931 2539 2201 2604 Graecis
2258 2547 2394 2605 tum
2447 2539 2718 2606 Athenis
2775 2539 2863 2604 ad

401 2644 610 2710 altum
657 2645 914 2710 artificii
962 2653 1027 2711 et
1072 2645 1490 2731 perfectionis
1537 2647 1814 2730 gradum
1861 2647 2038 2712 elata
2086 2653 2203 2713 est.
2271 2645 2487 2722 Quare
2533 2646 2600 2710 in
2635 2646 2864 2731 pleris-

402 2771 531 2834 que
579 2752 952 2818 civitatibus
1001 2753 1318 2819 Graeciae
1365 2753 1530 2820 haec
1574 2755 1682 2819 lex
1728 2754 1965 2819 valuit:
2013 2754 2117 2819 ἐάν
2162 2777 2255 2826 τις
2299 2757 2371 2818 τὸ
2418 2759 2684 2841 νόμισμα
2729 2755 2862 2818 δια-

399 2861 651 2947 φθείρῃ,
709 2861 976 2925 θάνατον
1031 2864 1145 2946 τὴν
1202 2861 1415 2948 ζημίαν
1475 2860 1703 2938 εἷναι.5)
1806 2859 2013 2938 Quam
2070 2860 2282 2945 legem
2340 2861 2534 2925 etiam
2587 2860 2861 2926 Athenis

404 2971 617 3029 ratam
663 2964 865 3032 fuisse
912 2966 1387 3034 Demosthenes
1434 2967 1671 3051 [XXIV
1719 2969 1872 3051 212]
1923 2966 2195 3051 docet.⁶)
2288 2967 2445 3031 Cum
2491 2974 2707 3031 autem
2752 2967 2861 3032 lex

403 3070 496 3136 ad
545 3092 657 3138 eos
704 3073 997 3157 privatos
1044 3075 1303 3159 proprie
1351 3075 1719 3159 pertineret,
1766 3074 1877 3158 qui
1922 3094 2217 3140 nummos
2264 3073 2664 3139 adulterinos
2717 3094 2861 3159 per·

408 3185 720 3254 cuterent‚
769 3185 988 3244 tamen
1036 3201 1116 3246 ea
1163 3200 1419 3264 quoque
1464 3180 1740 3265 rogatiO,
1786 3188 1859 3246 ut
1912 3182 2191 3266 populus
2245 3201 2538 3246 nummos
2595 3173 2866 3246 viliores

402 3284 558 3350 cudi
623 3285 892 3370 iuberet,
956 3286 1140 3370 leges
1204 3287 1494 3355 violavit.
1598 3285 1744 3364 Qua
1812 3286 1894 3351 de
1953 3307 2171 3371 causa,
2239 3287 2496 3352 etiamsi
2558 3287 2724 3352 inter
2790 3307 2862 3352 se

408 3399 662 3457 tantum
709 3393 885 3460 cives
938 3400 1002 3459 et
1046 3393 1346 3477 inquilini
1391 3394 1524 3460 illis
1553 3393 1891 3459 vilioribus
1938 3393 2213 3459 nummis
2261 3394 2352 3458 uti
2380 3393 2549 3458 intra
2578 3394 2862 3458 Atticam

593 3553 640 3620 ¹)
679 3554 759 3609 Cf.
798 3555 1166 3609 Schoemann:
1212 3554 1309 3609 »de
1347 3571 1482 3608 com.
1520 3554 1755 3609 Athens
1798 3573 1849 3624 p.
1888 3553 2018 3618 289;
2057 3553 2315 3608 eundem:
2352 3554 2474 3608 »Gn
2504 3554 2649 3607 Alt.‹
2684 3554 2862 3618 14573

408 3644 654 3699 Boeckh:
693 3645 731 3700 l.
772 3644 809 3698 l.
848 3645 874 3698 Ι
895 3645 982 3710 92,
1031 3644 1128 3713 qui
1165 3643 1530 3698 Athenienses
1568 3643 1628 3697 id
1663 3661 1774 3697 non
1813 3647 2066 3698 executos
2103 3659 2218 3697 esse
2255 3643 2405 3697 dicit.
2481 3642 2674 3697 Simile
2710 3641 2862 3711 podi-

400 3750 564 3787 orum
609 3733 853 3803 vectigal
897 3733 1013 3788 iam
1059 3733 1341 3803 Hippiam,
1390 3732 1671 3787 Pisistrati
1717 3734 1911 3798 filium,
1960 3731 2221 3786 statuisse
2267 3732 2591 3786 Aristoteles
2638 3731 2759 3786 Oec.
2808 3731 2864 3784 Π

408 3842 462 3893 p.
505 3825 689 3878 1347a
722 3823 919 3887 refert3
977 3823 1044 3877 cf.
1093 3823 1361 3877 Thumser
1405 3822 1442 3875 l.
1482 3822 1518 3875 l.
1556 3839 1610 3890 p.
1649 3824 1684 3875 4
1730 3821 1857 3875 adn.
1905 3823 1939 3874 4
1986 3821 2103 3889 (qui
2156 3838 2254 3890 per
2306 3838 2544 3875 errorem
2597 3820 2865 3889 Hippiam

407 3913 633 3968 Periclis
667 3912 845 3966 filium
880 3912 1080 3977 vocat).

591 4000 640 4069 ²)
678 4002 745 4056 cf.
784 4001 954 4056 etiam
991 4000 1251 4056 eundem:
1294 4000 1417 4054 »Gn
1456 4000 1602 4053 Alt.‹
1643 3999 1811 4052 1402.

592 4089 640 4155 ⁸)
675 4091 896 4146 Laudat
949 4090 1294 4144 Schoemann
1350 4089 1422 4143 ad
1474 4089 1529 4141 h.
1585 4087 1621 4141 l.
1675 4087 1954 4156 Aristoph.
2002 4088 2203 4141 Eoo-les.
2243 4105 2320 4141 vs.
2358 4088 2463 4140 810
2500 4104 2619 4154 sqq.
2676 4115 2741 4122 —
2798 4086 2864 4139 Id

401 4181 621 4236 factum
669 4183 753 4234 est
800 4196 945 4233 anno
990 4179 1094 4233 407
1145 4195 1195 4232 a.
1246 4177 1370 4232 Chr.
1417 4196 1498 4243 n.;
1556 4178 1623 4232 cf.
1670 4176 1840 4231 Arist.
1885 4177 2024 4230 Rau.
2075 4176 2179 4230 720
2223 4178 2281 4230 et
2326 4176 2490 4230 schol.
2540 4175 2611 4228 ad
2655 4176 2711 4228 h.
2756 4192 2862 4240 ve.;

404 4270 854 4325 Biichsenschfitz
889 4269 925 4322 l.
965 4268 1003 4322 l.
1043 4286 1096 4337 p.
1137 4267 1259 4323 600.

590 4358 636 4428 ⁴)
674 4360 740 4414 cf.
788 4360 924 4413 Xen.
973 4358 1040 4413 de
1084 4360 1229 4414 vect.
1275 4357 1437 4422 11123
1495 4358 1863 4412 Schoemann:
1909 4356 2034 4410 »Gn
2083 4355 2316 4409 Altert.«
2359 4354 2536 4418 14353
2589 4354 2862 4407 Biiehsen·

398 4449 598 4503 schfitz
632 4467 686 4518 p.
728 4449 830 4502 537
869 4466 975 4517 sq.;
1015 4447 1232 4502 Gilbert
1268 4447 1295 4500 Ι
1330 4465 1384 4517 p.
1422 4447 1544 4511 313,
1587 4449 1642 4510 1;
1681 4445 1877 4499 Busolt
1913 4447 1944 4508 ἓ
1980 4445 2086 4498 210
2121 4462 2173 4513 p.
2219 4445 2334 4500 186.

594 4537 637 4605 ⁶)
676 4538 742 4592 cf.
783 4539 940 4592 Dem.
976 4537 1159 4591 XXIV
1198 4536 1329 4600 212;
1370 4535 1811 4589 Biichsenschiitz
1846 4552 1900 4602 p.
1939 4534 2060 4588 538.

590 4626 635 4696 ⁰)
674 4628 739 4682 cf.
780 4628 935 4682 Dem.
973 4626 1076 4680 XX
1114 4627 1235 4681 167.
1310 4624 1376 4679 Id
1412 4627 1636 4678 tantum
1673 4623 1946 4677 incertum
1984 4626 2089 4686 est,
2138 4625 2327 4676 utrum
2373 4623 2463 4676 lex
2500 4621 2612 4676 iam
2650 4621 2863 4676 Solonis

398 4721 597 4773 aetate
634 4736 707 4772 an
744 4716 1136 4786 posterioribus
1172 4716 1395 4770 demum
1430 4712 1768 4784 temporibus
1805 4711 2060 4766 valuerit.
2510 4798 2541 4831 ,Β

2474 4801 2508 4854 5
