3567 5392
1583 385 1670 450 47

398 578 711 664 pecunias
767 576 836 642 in
882 597 1032 643 arce
1080 577 1467 646 adservatas
1514 599 1660 646 esse
1704 584 1910 664 putat,
1924 576 1974 664 ¹)
2031 578 2253 662 aliqua
2307 576 2475 664 ἱερῶν
2522 582 2858 666 χρημάτων

397 685 580 771 pars)
635 684 953 770 imprimis
1013 691 1242 751 sancta
1254 684 1305 770 ²)
1353 691 1418 751 et
1462 685 1547 752 iis
1591 686 1804 770 rebus,
1860 685 1948 751 ad
1994 705 2156 770 quas
2206 685 2493 771 seposita
2540 692 2697 771 erat,
2753 705 2860 751 ex-

400 792 606 878 ceptis
652 792 908 877 integra
955 792 1328 877 intactaque
1375 792 1463 858 ad
1507 791 1771 860 ultimos
1820 813 2013 860 casus
2062 798 2325 860 servata
2371 799 2487 879 est,
2535 813 2728 877 quam
2775 793 2858 858 ob

396 921 532 967 rem
579 906 958 985 quaestores
1014 900 1099 966 de
1142 900 1261 966 illa
1308 921 1557 967 summa
1601 899 1887 986 pendere
1932 899 2117 967 vetiti
2167 906 2368 967 erant.
2459 901 2708 965 Tamen
2753 919 2859 965 res

396 1008 659 1093 publica
705 1007 1027 1073 interdum
1071 1007 1464 1075 necessitate
1513 1014 1740 1074 coacta
1790 1029 1870 1075 ex
1913 1008 2037 1074 hac
2065 1007 2303 1073 aerarii
2333 1013 2520 1093 parte
2546 1006 2859 1092 pecunias

402 1114 490 1180 ad
535 1114 865 1200 publicum
920 1135 1108 1182 usum
1163 1114 1471 1199 legitimis
1518 1116 1712 1182 rebus
1761 1114 2148 1199 quibusdam
2195 1114 2508 1181 confectis
2565 1114 2859 1199 depromi

398 1222 606 1289 iussit.
669 1221 746 1287 Id
796 1222 965 1289 enim
1002 1244 1131 1288 non
1169 1223 1349 1308 prius
1377 1242 1611 1307 rogare
1636 1222 1922 1307 licuisse,
1969 1242 2164 1306 quam
2189 1221 2470 1308 populus
2501 1221 2858 1306 rogationis

395 1329 658 1397 veniam
702 1330 826 1416 vel,
873 1337 945 1396 ut
989 1337 1254 1397 nostrae
1300 1329 1538 1398 aetatis
1587 1329 2066 1414 significatione
2111 1335 2284 1396 utar:
2346 1328 2855 1409 „Indemnitaet“

399 1436 815 1523 decrevisset,
827 1436 880 1524 ³)
939 1458 1020 1504 ex
1066 1437 1452 1524 Thucydide
1496 1437 1558 1502 11
1608 1440 1695 1504 24
1749 1443 1951 1524 patet,
2007 1436 2118 1521 qui
2179 1436 2261 1502 de
2319 1434 2628 1522 sepositis
2681 1436 2859 1502 mille

395 1544 660 1611 talentis
723 1544 888 1611 haec
952 1544 1137 1613 dicit:
1203 1550 1309 1612 καὶ
1367 1546 1541 1633 χίλια
1602 1548 1877 1613 τάλαντα
1932 1544 2054 1611 ἀπὸ
2108 1556 2220 1610 τῶν
2278 1544 2339 1610 ἐν
2393 1555 2469 1631 τῇ
2531 1542 2859 1629 ἀκροπόλει

394 1657 715 1740 χρημάτων
768 1652 969 1726 ἔδοξεν
1032 1649 1235 1727 αὖτοῖς
1289 1651 1561 1739 ἐξαίρετα
1614 1658 2033 1741 ποιησαμένοις
2087 1656 2276 1740 χωρὶς
2330 1654 2557 1717 θέσθαι
2611 1654 2718 1717 καὶ
2772 1654 2856 1739 μὴ

395 1758 668 1836 ἀναλοῦν,
725 1758 856 1824 ἀλλ’
908 1759 1028 1847 ἀπὸ
1084 1772 1203 1827 τῶν
1256 1759 1460 1827 ἄλλων
1512 1763 1808 1848 πολεμεῖν·
1871 1759 1942 1847 ἢν
1999 1761 2061 1824 δέ
2116 1782 2202 1834 τις
2257 1758 2395 1845 εἴπῃ
2443 1757 2484 1845 ἢ
2530 1757 2857 1846 ἐπιψηφίσῃ

392 1877 573 1933 κινεῖν
622 1870 697 1932 τὰ
740 1873 1028 1955 χρήματα
1062 1877 1264 1933 »ταῦτα
1309 1865 1372 1942 ἐς
1417 1866 1574 1933 ἄλλο
1617 1891 1693 1943 τι,
1742 1865 1815 1953 ἢν
1862 1871 1946 1955 μὴ
1995 1864 2051 1932 οἱ
2094 1869 2361 1954 πολέμιοι
2404 1871 2578 1953 νηίτῃ
2627 1877 2858 1952 στρατῷ

267 2039 271 2043 ,
393 1972 704 2040 ἐπιπλέωσι
777 1986 850 2061 τῇ
923 1976 1097 2045 πόλει
1159 1978 1266 2039 καὶ
1329 1977 1436 2060 δέῃ
1503 1973 1874 2062 ἀμῦνασθαι,
1949 1976 2212 2041 θάνατον
2277 1978 2490 2062 ζημίαν
2550 1973 2855 2039 ἐπέθεντο.

395 2079 584 2158 Quod
650 2101 818 2147 anno
885 2083 1011 2148 431
1081 2081 1412 2148 decretum
1477 2088 1604 2161 est;
1621 2081 1676 2162 ⁴)
1749 2101 1986 2166 reapse
2059 2086 2274 2147 autem
2348 2079 2474 2147 hae
2540 2079 2857 2166 pecuniae

392 2187 777 2273 Thucydide
835 2195 1100 2255 auctore
1153 2209 1361 2273 usque
1416 2188 1504 2254 ad
1560 2209 1801 2254 annum
1857 2190 1987 2254 412
2045 2178 2341 2271 integrae
2398 2193 2789 2272 manserunt,
2800 2184 2853 2272 ⁵)

395 2316 521 2380 quo
569 2316 738 2362 anno
786 2296 1236 2376 Athenienses,
1286 2317 1431 2362 cum
1475 2295 1794 2382 pecuniae
1839 2294 2224 2380 indigerent,
2271 2301 2342 2361 ut
2387 2292 2792 2379 Thucydidis
2803 2293 2856 2377 ⁶)

393 2404 593 2470 verba
644 2423 792 2470 mea
846 2401 1114 2469 faciam:
1207 2455 1222 2472 .
1251 2456 1267 2472 .
1296 2455 1311 2472 .
1340 2455 1357 2471 .
1417 2408 1493 2468 τά
1536 2427 1599 2470 τε
1645 2407 1817 2491 χίλια
1863 2405 2149 2481 τάλαντα,
2205 2400 2288 2469 ὧν
2332 2403 2427 2467 διὰ
2481 2405 2706 2474 παντὸς
2748 2411 2857 2467 τοῦ

392 2514 658 2599 πολέμου
702 2511 1019 2598 ἐγλίχοντο
1065 2515 1150 2598 μὴ
1198 2509 1492 2599 ἅψασθαι,
1542 2508 1723 2585 εὐθὺς
1769 2513 2045 2585 λὺσαντες
2090 2514 2203 2585 τὰς
2246 2510 2613 2597 ἐπικειμένας
2638 2510 2859 2597 ζημίας

389 2631 474 2705 τῷ
527 2617 742 2686 εἰπόντι
798 2617 839 2705 ἢ
893 2619 1309 2707 ἐπιψηφίσαντι
1364 2616 1477 2684 ὑπὸ
1532 2631 1647 2706 τῆς
1697 2623 2006 2706 παροὺσης
2059 2617 2401 2706 ἐκπλήξεως
2448 2618 2591 2702 [καὶ]
2639 2615 2857 2705 ἐψηφί-

393 2749 580 2792 σαντο
634 2737 816 2793 κινεῖν
885 2776 900 2793 .
930 2778 945 2794 .
975 2778 990 2794 .
1018 2777 1067 2813 .,
1134 2726 1177 2794 i.
1237 2747 1291 2793 e.
1354 2725 1643 2810 rogatori
1705 2725 1910 2792 ἄδειαν
1972 2724 2306 2793 dederunt.
2322 2725 2369 2805 7)
2458 2725 2560 2790 Ex
2622 2723 2855 2808 quibus

394 2832 701 2918 sequitur,
747 2839 819 2898 ut
844 2832 1278 2901 Athenienses
1324 2832 1644 2900 infinitam
1689 2838 2085 2919 potestatem
2113 2853 2336 2899 earum
2363 2837 2615 2898 tantum
2647 2830 2853 2917 publi·
2911 2834 2917 2841 “

391 2959 612 3005 carum
668 2939 1088 3025 pecuniarum
1142 2939 1500 3026 habuerint,
1555 2961 1726 3025 quae
1779 2961 1911 3007 non
1967 2940 2055 3006 ad
2111 2946 2324 3007 certas
2369 2960 2476 3006 res
2523 2938 2854 3024 sepositae

391 3051 627 3115 essent.
720 3047 822 3112 Ex
875 3045 1000 3112 hac
1055 3053 1289 3133 autem,
1347 3068 1541 3132 quam
1600 3068 1797 3134 supra
1844 3046 2146 3133 diximus,
2200 3053 2388 3133 parte
2430 3046 2671 3133 populo
2718 3052 2853 3112 tum

392 3153 654 3220 demum
699 3153 1012 3240 pecunias
1051 3174 1324 3239 erogare
1350 3154 1550 3241 licuit,
1598 3175 1740 3221 cum
1768 3155 2028 3223 veniam
2055 3154 2341 3239 rogatori
2370 3152 2852 3237 decrevissetss).

388 3261 629 3327 Contra
673 3261 867 3328 venia
910 3282 1039 3328 non
1085 3261 1431 3346 impetrata
1475 3269 1757 3348 rogator,
1816 3268 2163 3348 propterea
2218 3260 2393 3346 quod
2436 3260 2662 3347 populi
2706 3280 2851 3347 pse-

385 3367 645 3453 phisma
663 3367 785 3435 has
804 3368 1116 3454 pecunias
1139 3368 1431 3455 depromi
1450 3368 1735 3436 dilucide
1751 3375 2022 3455 vetaret,
2044 3368 2362 3455 supplicio
2385 3368 2656 3435 affectus
2670 3374 2787 3435 est.
2799 3367 2851 3451 ⁹)

568 3475 780 3560 Atque
828 3496 957 3559 qua
1003 3475 1086 3541 de
1133 3495 1335 3541 causa
1380 3476 1668 3560 rogatori
1714 3475 1891 3561 ἀδείᾳ
1937 3495 2101 3561 opus
2148 3475 2357 3561 fuerit,
2411 3495 2540 3541 non
2587 3473 2850 3541 dubium

385 3581 646 3649 videtur
689 3583 758 3648 in
793 3582 1009 3648 Attico
1058 3582 1319 3667 quidem
1364 3583 1502 3649 iure
1547 3582 1829 3669 publico.
1904 3583 2072 3651 Nam
2120 3583 2177 3649 si
2224 3583 2325 3651 ius
2355 3581 2852 3649 Atheniensium

572 3777 616 3846 ¹)
653 3779 720 3833 V.
759 3796 927 3849 supra
961 3796 1015 3848 p.
1053 3778 1126 3834 46
1163 3779 1288 3834 adn.
1329 3780 1415 3835 12.

467 3887 489 3905 ’
573 3865 616 3936 ²)
652 3869 759 3935 vel,
797 3870 864 3923 ut
899 3867 1108 3923 recenti
1144 3869 1368 3924 nomine
1404 3871 1558 3924 utar:
1612 3869 1726 3923 »als
1763 3867 2001 3924 ciserner
2028 3868 2287 3935 Bestand‚
2326 3869 2408 3924 als
2444 3867 2719 3924 Notfonds
2755 3868 2848 3924 des

384 3957 697 4013 Schatzesct.

573 4044 616 4115 ³)
653 4046 722 4101 cf.
758 4046 1005 4102 Boeckh:
1048 4047 1161 4103 »Sa
1199 4047 1251 4101 d.
1290 4046 1456 4102 Ath.‹
1497 4047 1551 4101 H
1590 4048 1676 4104 41.

570 4133 620 4202 ⁴)
655 4135 720 4190 cf.
762 4136 956 4192 Busolt
991 4136 1024 4203 ξ
1062 4137 1169 4190 214
1205 4153 1259 4205 p.
1304 4137 1421 4191 190.

570 4223 616 4293 ⁶)
654 4224 721 4279 cf.
759 4224 928 4280 Thuc.
968 4225 1102 4280 VIII
1141 4227 1207 4280 15
1245 4223 1352 4294 (ed.
1391 4222 1601 4293 Stahl);
1640 4225 1888 4280 Philoch.
1928 4225 1993 4280 fr.
2035 4226 2137 4280 116
2174 4223 2280 4290 (ed.
2318 4224 2550 4292 Muell.).

570 4312 616 4381 ⁶)
652 4313 823 4369 Thuc.
861 4314 997 4368 VIII
1035 4314 1119 4371 15.

571 4400 615 4471 ⁷)
650 4402 746 4456 Eis
782 4402 1119 4472 Thucydidis
1167 4403 1346 4458 verbis
1393 4402 1616 4458 Boeckh
1661 4403 1699 4457 l.
1739 4405 1777 4457 l.
1822 4403 1877 4456 II
1913 4404 1985 4457 64
2028 4404 2289 4458 naturam
2334 4398 2507 4463 ἀδείας
2560 4404 2708 4458 recte
2752 4420 2840 4457 ex·

376 4491 584 4562 plicari
620 4491 773 4547 dicit.

570 4579 615 4650 ⁸)
651 4581 720 4636 cf.
758 4581 1006 4636 Boeckh:
1049 4581 1157 4636 »Sa
1187 4581 1238 4636 d.
1278 4581 1442 4636 Ath.‹
1484 4581 1510 4635 I
1548 4582 1677 4647 5823
1716 4581 1912 4635 Busolt
1948 4581 1980 4648 ξ
2027 4581 2122 4635 194
2159 4600 2212 4650 p.
2255 4582 2375 4636 175.

570 4669 616 4740 ⁹)
651 4670 720 4725 cf.
755 4670 924 4726 Thuc.
963 4671 1018 4724 II
1055 4671 1151 4736 24;
1188 4670 1384 4726 Busolt
1421 4674 1451 4734 5
1489 4670 1597 4725 214
1630 4688 1683 4740 p.
1730 4671 1844 4725 190.
