3567 5392
1842 411 1926 474 64

660 604 823 687 culo,
862 604 1166 670 tributum
1209 603 1851 681 extraordinarium¹)
1882 603 2115 670 civium
2144 603 2331 670 bonis
2358 603 2600 689 imponi
2629 605 2736 670 lex
2764 605 3119 685 vetabat-²)

658 713 823 777 Nam
871 711 936 776 in
983 711 1469 776 Atheniensium
1517 731 1588 777 re
1625 710 1890 796 publica
1921 711 2340 795 vectigalium
2368 718 2617 777 tantum
2648 710 3117 795 exigendorum

657 839 796 884 mos
853 816 1064 902 fuit;³)
1121 818 1343 900 itaque
1402 817 1458 883 si
1514 816 1660 901 quis
1715 825 2059 900 rogaturus
2128 824 2291 902 erat,
2358 825 2428 882 ut
2494 818 2741 884 civibus
2806 819 3117 884 tributum

658 925 1109 1009 imponeretur,
1157 924 1218 990 ei
1265 924 1435 1008 ἀδείᾳ
1483 944 1647 1009 opus
1694 932 1853 1008 erat,
1901 925 2140 1010 quippe
2187 925 2298 1007 qui
2345 925 2576 990 civium
2605 945 2711 991 res
2752 925 3120 991 familiares

656 1031 995 1115 illegitime
1042 1029 1484 1097 deminuturus
1532 1039 1723 1097 esset.

836 1136 968 1204 Sed
988 1135 1155 1202 hanc
1175 1137 1379 1202 ἄδειαν
1399 1158 1543 1202 cum
1571 1139 1791 1221 quinto
1823 1138 2085 1204 saeculo
2122 1139 2411 1205 valuisse
2439 1138 2749 1204 traditum
2779 1139 2882 1222 sit,
2913 1140 3121 1204 oritur

658 1245 972 1329 quaesti0‚
1001 1265 1151 1309 num
1182 1245 1540 1330 posteriore
1570 1251 1790 1311 aetate
1821 1265 1901 1310 ea
1929 1246 2214 1329 rogatori
2233 1266 2361 1310 non
2390 1245 2520 1310 iam
2560 1266 2724 1331 opus
2763 1244 2973 1330 fuerit,
3005 1246 3114 1311 vel

658 1350 917 1435 quando
945 1352 1053 1418 lex
1074 1351 1188 1416 illa
1208 1352 1304 1416 ita
1324 1352 1644 1434 abrogata
1666 1352 1768 1436 sit,
1788 1359 1860 1416 ut
1878 1352 2121 1418 tributa
2138 1352 2359 1419 missis
2379 1352 2637 1435 ambagi
2646 1353 2763 1419 bus
2782 1372 3015 1436 rogare
3038 1352 3119 1417 li-

658 1466 848 1524 ceret.
895 1458 1114 1524 Titulo
1138 1478 1295 1523 sane
1315 1458 1517 1523 allato
1554 1458 1746 1542 [CJA.
1767 1458 1798 1521 I
1819 1462 1904 1525 32
1925 1459 2001 1541 B]
2034 1479 2176 1524 cum
2206 1458 2491 1525 dilucide
2520 1459 2868 1524 doceamur
2895 1459 3112 1543 legem

656 1566 759 1631 vel
779 1564 1107 1631 decretum
1127 1564 1454 1648 quoddam
1474 1565 1555 1631 de
1569 1562 2196 1653 eiccopacrogandae
2215 1566 2465 1632 ratione
2485 1566 2725 1631 factum
2738 1565 3117 1643 valuisse‚⁴)

656 1713 681 1717 —
700 1712 911 1720 -—.—.—.-—.-

843 1796 889 1865 ¹)
928 1799 1005 1852 Ut
1039 1801 1259 1852 nostrae
1297 1797 1499 1851 aetatis
1537 1797 1945 1867 significatione
1983 1801 2134 1853 utar:
2179 1799 2331 1853 »eine
2368 1798 2574 1853 directe
2614 1798 2859 1853 Steuer«.

837 1904 879 1970 ²)
915 1905 1063 1958 Nam
1098 1905 1281 1973 legem
1319 1903 1600 1972 quandam
1637 1904 1704 1959 de
1742 1905 1847 1959 hac
1883 1922 1942 1959 re
1976 1905 2217 1959 valuisse
2256 1922 2320 1959 ex
2358 1922 2421 1960 eo
2458 1904 2680 1959 videtur
2716 1908 2923 1974 patere,
2964 1904 3118 1971 quod

653 1995 714 2049 in
752 1995 895 2049 CJA.
932 1994 1040 2047 132
1058 1994 1102 2046 B
1138 1993 1290 2046 illius
1327 1993 1471 2047 ratio
1507 1993 1762 2048 habetur.

836 2100 879 2169 ⁸)
916 2101 1282 2155 Schoemann:
1326 2100 1573 2154 ›Griech.
1616 2101 1850 2155 Altert.‹
1892 2101 1918 2154 I
1966 2103 2062 2154 451
2108 2104 2257 2156 recte
2294 2100 2455 2155 dicit:
2500 2101 2880 2155 »Fmistaaten
2928 2100 3113 2155 haben

655 2209 833 2262 gegen
872 2190 1076 2245 directe
1116 2190 1492 2258 Besteuerung
1527 2189 1651 2244 eine
1687 2190 1814 2244 sehr
1850 2190 2176 2246 erklarliche
2213 2190 2551 2260 Abneigung
2586 2191 2700 2244 und
2744 2190 2960 2268 greifen
3006 2208 3121 2243 nur

651 2283 712 2336 in
748 2280 1035 2336 Notffillen
1073 2280 1263 2333 dazu«.

839 2385 881 2451 ⁴)
919 2386 1036 2452 Quo
1072 2389 1318 2456 tempore
1355 2387 1445 2441 lex
1481 2387 1601 2441 lata
1640 2387 1730 2451 sit,
1777 2404 1876 2456 pro
1921 2388 2070 2441 certo
2117 2386 2225 2441 dici
2280 2403 2392 2440 non
2442 2389 2641 2454 potest.
2735 2386 2956 2440 Titulus
3012 2386 3114 2440 ille

656 2495 801 2532 anno
840 2476 998 2540 43514
1035 2476 1338 2530 Kirchhosfi
1375 2476 1599 2544 quidem
1636 2476 1916 2531 sententia
1952 2479 2187 2545 scriptus
2217 2479 2316 2540 est,
2364 2493 2533 2544 quare
2570 2475 2753 2546 legem
2791 2478 2923 2530 ante
2968 2475 3113 2529 illud

651 2570 871 2637 tempus
890 2567 1163 2635 perlatam
1183 2582 1297 2620 esse
1316 2565 1615 2620 verisimile
1635 2569 1734 2620 est.
1782 2566 1981 2634 Itaque
2010 2565 2155 2631 inde,
2184 2565 2331 2633 quod
2360 2564 2721 2634 Thucydides,
2754 2582 2864 2632 quo
2892 2566 3009 2619 loco
3041 2564 3117 2619 de

651 2657 832 2726 prima
868 2651 1070 2725 εἰσφορᾷ
1108 2655 1230 2725 agit
1270 2653 1372 2722 [III
1412 2654 1520 2722 19],
1558 2655 1740 2724 legem
1777 2654 1998 2709 silentio
2050 2654 2333 2723 praeterit,
2372 2655 2528 2722 sequi
2572 2653 2715 2708 mihi
2758 2653 2994 2719 videtur,
3044 2657 3119 2708 ut

650 2745 793 2799 illud
818 2745 1094 2800 tributum
1122 2762 1157 2798 a
1176 2743 1496 2813 Thucydide
1515 2748 2003 2799 commemoratum
2024 2744 2264 2814 primum
2291 2761 2478 2799 eorum
2506 2747 2730 2799 tantum
2757 2743 2942 2806 fuerit,
2963 2760 3111 2811 quae

647 2836 794 2890 bello
813 2834 1273 2904 Peloponnesiaco
1291 2833 1567 2902 imperata
1585 2837 1730 2888 sunt.
1771 2834 1895 2899 Qua
1912 2834 2061 2888 enim
2087 2833 2303 2888 ratione
2330 2834 2390 2887 in
2418 2834 2589 2888 titulo
2630 2833 2707 2888 CJ
2710 2834 2771 2886 A.
2792 2832 2818 2885 I
2835 2833 2903 2886 32
2916 2832 2978 2898 Β,
3008 2832 3114 2900 qui

649 2943 794 2980 anno
816 2926 968 2988 43514
990 2924 1223 2993 seriptm
1245 2927 1343 2987 est,
1366 2924 1432 2977 de
1451 2920 1656 2992 εἰσφορᾷ
1674 2924 1922 2992 roganda
1940 2923 2158 2978 decerni
2178 2923 2379 2992 potuit,
2407 2923 2516 2976 nisi
2543 2922 2658 2976 iam
2687 2926 2854 2976 antea
2882 2917 3112 2990 εἰσφοραί

648 3014 954 3084 imperatae
973 3014 1189 3067 essent?
1220 3011 1503 3080 [Cf.etiam
1525 3012 1722 3067 Abhdl.
1745 3012 1795 3065 d.
1822 3013 1961 3067 Berl.
1980 3012 2087 3068 Ak.
2116 3012 2249 3066 1876
2270 3031 2321 3082 p.
2346 3011 2441 3080 27]
2481 3011 2663 3065 Aliter
2685 3011 2855 3065 sentit
2876 3011 3077 3066 Beloch
3092 3032 3112 3065 ι

650 3103 718 3157 N.
730 3103 987 3157 Rh.Mus.
1017 3101 1248 3154 XXXlX
1279 3102 1408 3166 2453
1435 3101 1502 3156 cf.
1531 3102 1725 3155 Busolt
1753 3100 1784 3168 ἓ
1814 3103 1919 3155 214
1947 3119 2000 3170 p.
2026 3102 2142 3155 190.
2191 3101 2394 3171 Legem
2413 3104 2599 3156 autem
2621 3102 2687 3155 de
2706 3118 2772 3155 ea
2790 3117 2848 3155 re
2864 3101 3110 3155 valuisse

648 3192 818 3246 etiam
839 3208 906 3245 ex
925 3191 1037 3245 alio
1056 3191 1225 3245 titulo
1243 3190 1476 3245 fortasse
1495 3190 1867 3260 colligendum
1887 3194 1986 3245 est.
2006 3191 2071 3244 In
2092 3190 2168 3245 CJ
2172 3192 2232 3245 A.
2247 3191 2324 3244 IV
2344 3192 2362 3244 1
2387 3209 2441 3259 p.
2467 3191 2527 3243 ll
2549 3209 2601 3243 n.
2621 3191 2692 3244 25
2710 3190 2797 3255 (cf.
2811 3189 2887 3244 CJ
2891 3191 2953 3244 A.
2965 3191 2992 3244 I
3011 3189 3115 3257 25)

649 3299 725 3335 vs.
756 3283 788 3334 8
817 3282 1083 3350 leguntur
1103 3280 1263 3334 haec:
1288 3277 1438 3348 [περὶ]
1467 3276 1517 3329 δὲ
1536 3279 1815 3350 χρημάτων
1835 3277 2073 3349 ἑσφο[ρᾶς
2092 3279 2170 3349 μὴ
2189 3271 2340 3347 enm
2359 3277 2715 3349 ἐπιψη[φὶζειν]
2748 3279 2870 3343 (aude
2899 3277 3108 3349 εἰσφορᾷ

647 3388 716 3425 ne
747 3370 915 3425 liceat
941 3370 1001 3423 in
1020 3368 1348 3438 suffragium
1374 3369 1629 3424 mittere«
1657 3398 1719 3407 -
1741 3369 1947 3424 dicitur
1974 3373 2162 3423 autem
2181 3369 2249 3424 de
2268 3369 2511 3439 epistata
2527 3397 2581 3407 —
2601 3385 2669 3423 sc.
2682 3368 2845 3423 venia
2861 3369 3112 3436 rogatori

647 3478 756 3513 non
784 3458 955 3527 data).
1011 3459 1200 3513 Etiam
1228 3458 1327 3512 alii
1355 3458 1520 3512 huius
1549 3458 1707 3513 tituli
1743 3458 1852 3513 loci
1889 3457 2045 3527 digni
2082 3461 2229 3524 sunt,
2268 3459 2366 3527 qui
2402 3457 2726 3513 afferantur:
2762 3475 2841 3511 vs.
2875 3459 2908 3511 6
2936 3458 3116 3513 inter-

647 3549 865 3616 dicitur,
894 3565 964 3602 ne
992 3544 1224 3618 εἰσφορᾶς
1252 3548 1579 3602 immunitas
1607 3548 1792 3613 detur;
1826 3551 1946 3602 tum
1976 3549 2076 3613 (vs.
2098 3548 2150 3614 7)
2181 3548 2317 3602 haec
2348 3548 2637 3617 leguntur:
2671 3545 2725 3615 s·
2753 3543 2936 3615 -αῙῦτῇ
2960 3544 3108 3616 κυρίᾳ

646 3626 956 3708 ἓκ[κληόὶα]ι
983 3637 1060 3707 μὴ
1088 3624 1460 3705 {maffia-An
1510 3637 1577 3691 de
1613 3637 1908 3706 privilegio
1944 3636 2124 3706 igitur
2159 3636 2397 3704 quodam
2436 3637 2685 3702 (fortasse
2713 3636 2765 3690 ei
2791 3636 3115 3705 irrogandor

648 3728 747 3796 qui
777 3745 811 3782 a
845 3729 1048 3797 populo
1086 3724 1257 3777 ἄδειαν
1295 3726 1571 3795 petiturus
1608 3725 1751 3794 erat)
1789 3726 1994 3795 agitur,
2034 3726 2181 3794 quod
2216 3743 2327 3780 non
2364 3726 2548 3780 minus
2575 3743 2668 3780 sex
2704 3725 2865 3779 milia
2900 3725 3108 3779 civium

654 3818 941 3872 decernere
987 3820 1217 3885 possunt
1271 3815 1359 3883 (cf.
1411 3815 1554 3871 CJA.
1592 3815 1671 3870 IV
1715 3818 1737 3869 l
1781 3815 1913 3869 fasc.
1953 3815 2051 3869 alt.
2090 3832 2142 3883 p.
2185 3816 2249 3869 11
2290 3834 2343 3868 n.
2381 3817 2467 3879 25,
2524 3815 2671 3883 quod
2723 3814 3104 3884 fragmentum

648 3908 759 3962 huc
792 3906 1053 3976 pertinet,
1091 3923 1167 3959 vs.
1220 3907 1277 3958 6:
1326 3900 1462 3973 χιλι-
1481 3906 1558 3972 -);
1606 3922 1684 3960 νε.
1731 3905 1765 3958 9
1815 3904 1901 3959 ita
1945 3904 2311 3974 supplendum
2359 3921 2574 3959 censeo:
2623 3901 2710 3954 ἐὰν
2755 3902 2833 3973 μὴ
2878 3900 3113 3972 λῃστῶ[ν

646 4002 820 4046 ποιῶσι
856 3990 1228 4064 χ]συλλήψεις;
1268 3994 1333 4047 cf.
1376 3992 1580 4061 [Dem.]
1620 3993 1799 4048 LVIII
1835 3994 1922 4058 56,
1972 3994 2070 4061 qui
2116 3993 2254 4048 dicit
2290 3993 2652 4048 Athenienses
2696 3992 2879 4047 Meliis
2924 3996 3108 4047 extra.-

643 4085 981 4139 ordinariam
1030 4082 1323 4152 pecuniam
1373 4082 1729 4151 imperavisse
1777 4082 1989 4136 multae
2034 4082 2258 4137 nomine
2306 4085 2529 4151 propter
2570 4085 2817 4151 receptos
2864 4082 3075 4150 piratas
3088 4101 3109 4134 t

532 4157 539 4163 ς
648 4171 752 4225 »ὅτι
769 4175 883 4234 τοὺς
901 4171 1094 4242 λῃστὰς
1116 4169 1468 4235 ὑπεδέξαντο«;
1498 4172 1564 4226 cf·
1585 4172 1953 4226 Schoemann:
1982 4172 2079 4227 »de
2108 4190 2241 4227 com.
2265 4172 2430 4227 Atha<
2465 4190 2518 4241 p.
2541 4172 2661 4227 290.
2683 4200 2743 4211 —
2773 4171 3025 4226 Ceterum
3056 4171 3104 4225 si

641 4262 932 4318 Kirchhoff
943 4281 1020 4317 vs.
1044 4266 1074 4315 4
1105 4266 1253 4317 recte
1284 4261 1579 4330 supplevit,
1611 4279 1721 4330 quo
1743 4266 1989 4329 tempore
2012 4261 2116 4315 hoc
2142 4262 2460 4330 psephisma
2487 4262 2698 4316 factum
2726 4260 2817 4326 sit,
2847 4277 2915 4314 ex
2933 4276 2996 4314 eo
3023 4276 3106 4313 se-

645 4353 853 4421 quitur,
876 4353 1019 4420 quod
1043 4352 1215 4405 Thuc.
1240 4352 1264 4404 I
1287 4352 1405 4416 114,
1430 4352 1461 4403 3
1481 4350 1548 4404 de
1570 4349 1850 4404 deditione
1870 4350 2164 4405 Hestiaeae
2183 4351 2243 4404 in
2262 4351 2447 4404 insula
2465 4351 2687 4405 Euboea
2707 4349 2850 4404 sitae
2868 4349 3114 4403 tradidit

645 4442 731 4510 [cf.
755 4441 928 4496 etiam
957 4441 1127 4495 Thuc.
1142 4440 1249 4494 VII
1280 4441 1366 4506 57,
1395 4440 1444 4494 2.
1485 4440 1619 4493 VIII
1647 4440 1742 4504 95;
1775 4438 1933 4494 Diod.
1968 4440 2073 4493 XII
2104 4441 2150 4493 7.
2181 4441 2277 4505 22;
2307 4438 2612 4494 Kirchhoff:
2646 4438 2845 4494 Abhdl.
2878 4438 2929 4492 d.
2961 4439 3103 4492 Berl.

643 4531 817 4585 Akad.
847 4531 982 4585 1873
1000 4548 1054 4598 p.
1075 4528 1148 4596 4].
1190 4529 1330 4583 Cum
1350 4529 1498 4584 enim
1519 4528 1883 4583 Athenienses
1913 4529 2193 4584 Euboeam
2219 4529 2279 4583 in
2311 4529 2583 4583 dicionem
2611 4528 2967 4597 redegissent,
2996 4527 3112 4581 He*

640 4621 817 4676 stiaea
836 4619 1057 4688 quidem
1078 4618 1284 4673 colonis
1304 4617 1506 4673 Atticis
1527 4617 1738 4673 tradita
1757 4622 1856 4683 est,
1878 4618 1971 4671 sed
1983 4617 2200 4673 Chalcis
2216 4618 2340 4688 ipsa
2357 4636 2459 4673 sua
2476 4621 2670 4687 sponte
2690 4618 2748 4671 in
2768 4618 3106 4686 potestatem

642 4708 1063 4764 Atheniensium
1105 4707 1273 4762 rediit
1314 4706 1402 4774 [cf.
1443 4706 1586 4761 CJA.
1624 4708 1703 4761 IV
1745 4708 1793 4773 1,
1838 4709 1904 4762 27
1919 4724 1954 4761 a
1963 4729 1976 4772 ;
2027 4707 2241 4762 Grilbert
2277 4707 2303 4760 I
2341 4708 2464 4773 392,
2507 4705 2573 4775 1].
2649 4706 2877 4760 Subacti
2915 4708 3111 4760 autem
