3567 5392
1927 379 2015 445 48

747 614 832 625 -
889 575 1056 642 sicut
1109 577 1466 641 Romanum
1519 612 1607 622 —-
1664 575 2156 642 accuratissime
2219 574 2286 639 in
2352 579 2552 640 artem
2611 571 2947 639 redactum
3005 579 3197 657 esset,

747 703 894 749 eam
939 684 1142 757 ἀδείας
1189 682 1449 748 dandae
1495 702 1761 749 causam
1811 688 2096 749 statuere
2143 686 2485 768 oporteret,
2531 679 2702 765 quod
2748 680 3067 766 pecuniae
3112 678 3200 745 ad

745 790 842 856 rei
883 789 1187 876 publicae
1232 787 1864 856 administrationem
1910 796 2021 855 aut
2058 788 2147 854 ad
2183 788 2424 855 bellum
2452 786 2804 872 gerendum
2834 787 3200 854 destinatae

746 897 1082 981 illegitime
1111 902 1518 983 augerentur,
1547 894 1768 981 itaque
1799 907 1903 962 τοῦ
1932 907 2133 963 κοινοῦ
2162 895 2505 980 integritas
2532 894 2918 961 laederetur.
2992 893 3202 971 Quam

745 1003 1149 1090 impunitatis
1193 1003 1471 1088 rogandi
1517 1024 1785 1070 causam
1830 1003 1898 1069 in
1941 1003 2082 1070 iure
2110 1002 2327 1069 Attico
2374 1001 2613 1070 frustra
2653 1022 2963 1087 quaeras3
2987 1003 3034 1082 ¹)
3084 1001 3200 1068 sed
3244 1044 3250 1050 -

748 1112 955 1179 altera
1003 1113 1243 1197 subest,
1300 1131 1468 1196 quae
1525 1110 1846 1195 gravioris
1902 1110 2208 1177 momenti
2266 1116 2384 1177 est.
2473 1110 2836 1194 Rogatione
2884 1109 3052 1176 enim
3093 1109 3201 1175 lex

745 1220 1024 1287 violatur
1071 1224 1137 1284 et
1183 1238 1431 1285 summa
1477 1217 1702 1304 populi
1747 1224 2062 1304 potestas,
2110 1217 2219 1302 qui
2248 1217 2439 1284 iustis
2467 1217 2685 1284 causis
2711 1217 2862 1283 illas
2890 1210 3202 1303 pecunias

745 1346 876 1392 non
928 1324 1353 1411 adhibendas,
1410 1324 1529 1391 sed
1589 1323 2069 1409 quodammodo
2127 1345 2352 1392 sacras
2406 1324 2813 1409 intactasque
2866 1322 3203 1390 habendas

748 1453 897 1500 esse
960 1432 1264 1500 decrevit.
1355 1431 1718 1518 Absumpta
1795 1432 1966 1499 enim
2029 1431 2147 1498 illa
2212 1453 2464 1499 summa
2527 1431 2621 1497 rei
2682 1430 2981 1518 publicae
3046 1452 3203 1518 opes

749 1540 1185 1627 detrahuntur,
1215 1540 1448 1625 quibus
1476 1539 1544 1605 in
1571 1539 1874 1607 maximis
1894 1538 2219 1626 periculis,
2251 1539 2339 1605 ad
2368 1559 2536 1624 quae
2567 1538 2861 1606 sedanda
2886 1539 3201 1625 pecuniae

749 1648 1078 1734 sepositae
1107 1653 1344 1728 essent,
1395 1647 1535 1714 eius
1565 1646 1762 1714 saluti
1792 1648 2189 1732 consulaturt,
2240 1647 2463 1732 itaque
2489 1653 2755 1731 rogator
2781 1646 2873 1712 rei
2901 1647 3201 1733 publicae

751 1755 1024 1821 salutem
1073 1753 1161 1821 ad
1206 1754 1521 1821 incertum
1566 1761 1848 1821 revocat.
1860 1755 1907 1833 2)
1982 1754 2222 1822 Contra
2269 1754 2518 1821 difficili
2562 1755 2657 1820 rei
2701 1754 3001 1840 publicae
3049 1760 3202 1821 tem-

747 1882 906 1948 pore
951 1862 1245 1928 omnibus
1293 1861 1602 1928 subsidiis
1650 1862 1883 1928 civitas
1929 1863 2247 1947 utebatur,
2303 1882 2572 1946 cumque
2627 1862 2912 1928 sanctior
2965 1861 3203 1928 aerarii

747 1989 919 2056 pars,
966 1970 1059 2035 ita
1105 1976 1175 2035 ut
1220 1968 1286 2034 in
1330 1968 1574 2035 ultimis
1617 1968 1925 2054 periculis
1953 1969 2046 2037 rei
2076 1968 2380 2056 publicae
2408 1968 2767 2055 prodesset,
2815 1974 3197 2048 servaretur,

746 2076 1027 2163 populus
1083 2077 1161 2162 ei,
1217 2076 1328 2161 qui
1383 2076 1449 2141 in
1511 2076 1864 2142 imminenti
1923 2076 2228 2163 periculo,
2286 2082 2358 2142 ut
2414 2095 2532 2142 eae
2578 2077 2893 2162 pecuniae
2940 2075 3201 2142 adhibe·

746 2191 983 2270 rentur,
1027 2191 1372 2269 rogaturus
1413 2190 1571 2265 erat,
1619 2184 1825 2250 ἄδειαν
1873 2183 2203 2268 denegare
2249 2204 2376 2250 non
2420 2183 2650 2270 potuit.
2721 2186 3013 2270 Rursum,
3061 2204 3204 2250 cum

751 2292 927 2378 ἀδείᾳ
971 2292 1260 2376 rogatori
1306 2312 1469 2378 opus
1517 2297 1709 2377 esset,
1755 2291 2229 2377 impediebatur
2272 2292 2569 2377 populus,
2618 2312 2701 2357 ne
2737 2298 2976 2357 temere
3013 2311 3203 2376 pecu-

749 2399 893 2485 niis,
940 2420 1109 2483 quae
1139 2398 1297 2465 data
1326 2397 1669 2466 occasione
1704 2419 1841 2465 rem
1885 2398 2216 2483 publicam
2264 2419 2526 2465 servare
2571 2404 2854 2484 possent,
2899 2404 3200 2465 uteretur.

928 2506 1292 2590 Antequam
1340 2511 1557 2573 autem
1600 2527 1735 2573 rem
1763 2505 2089 2592 inceptam
2117 2525 2603 2593 persequamur,
2649 2504 3032 2592 appendicis
3061 2505 3204 2571 loco

752 2612 991 2680 similia
1035 2613 1346 2680 nonnulla
1391 2613 1517 2680 hac
1562 2613 1908 2680 occasione
1958 2614 2446 2700 exponemuS.³)

928 2722 1218 2807 Populus
1268 2720 1436 2787 enim
1481 2720 1975 2789 Atheniensium
2035 2722 2217 2806 leges
2278 2720 2597 2805 quasdam
2644 2726 2709 2786 et
2752 2720 3050 2787 instituta
3095 2721 3205 2786 ab·

750 2828 968 2912 rogari
1014 2828 1306 2912 vetuit.⁴)
1395 2829 1652 2915 Itaque,
1676 2818 1681 2823 ’
1706 2829 2088 2914 priusquam
2148 2828 2232 2895 de
2289 2850 2369 2895 ea
2420 2849 2492 2895 re
2539 2848 2735 2913 agere
2789 2828 3040 2913 liceret,
3094 2827 3205 2892 im-

749 2936 1013 3021 punitas
1068 2935 1426 3019 rogationis
1480 2934 1788 3003 ferendae
1844 2935 2256 3022 impetranda
2331 2943 2486 3002 erat.
2596 2935 2702 3001 Ad
2765 2955 2911 3001 eam
2974 2940 3205 3019 autem,

751 3042 836 3109 de
900 3063 1029 3127 qua
1081 3043 1269 3109 nobis
1325 3042 1651 3127 agendum
1709 3049 1826 3128 est,
1888 3064 2024 3111 rem
2080 3043 2428 3128 abrogatio
2493 3042 2710 3128 legum
2777 3042 2859 3108 de
2913 3041 3206 3128 pecuniis

754 3148 1138 3235 quibusdam
1183 3138 1571 3220 adhibendis
1616 3148 1913 3235 pertinet.
1923 3149 1975 3233 ⁵)

928 3256 1180 3324 Pericle
1224 3278 1359 3323 rem
1404 3255 1730 3342 publicam
1774 3256 2272 3325 Atheniensium
2330 3259 2727 3342 gubernante
2774 3256 2861 3322 ad
2908 3276 3096 3324 sacra
3143 3261 3207 3321 et

754 3365 1130 3451 spectacula
1175 3365 1689 3432 concelebranda
1733 3366 1980 3452 populo
2028 3366 2354 3452 pecuniae
2402 3369 2498 3449 (τὸ
2543 3364 2860 3453 θεωρικόν)
2909 3363 3207 3431 distribui

936 3595 975 3665 ι)
1013 3597 1081 3651 V.
1117 3614 1284 3666 supra
1318 3614 1371 3666 p.
1411 3597 1482 3652 32
1521 3597 1647 3654 adn.
1685 3598 1736 3652 4.

934 3683 980 3755 ²)
1016 3686 1076 3741 Si
1112 3688 1300 3742 autem
1336 3687 1443 3741 hae
1479 3687 1762 3756 pecuniae,
1810 3687 1960 3742 sicut
1995 3687 2296 3743 Holwerda
2341 3687 2566 3756 quidem
2610 3688 2778 3757 putat
2821 3686 2909 3753 (cf.
2946 3687 3205 3740 Mnemos.

748 3795 803 3832 n.
842 3794 882 3831 s.
920 3776 1051 3830 XIV
1088 3794 1141 3846 p.
1185 3777 1283 3830 114
1320 3774 1478 3845 sqq),
1526 3793 1711 3831 sacrae
1746 3776 1989 3843 fuerunt,
2034 3776 2251 3847 rogatio
2296 3777 2400 3831 illa
2442 3794 2549 3831 non
2589 3775 2846 3846 legitima
2880 3775 3007 3842 fuit,
3055 3774 3202 3844 quia,

750 3869 816 3920 ut
850 3865 1175 3931 videbimus,
1213 3865 1475 3935 pecunias
1512 3882 1692 3920 sacras
1730 3864 1792 3919 in
1829 3883 1959 3920 usus
1995 3865 2259 3935 profanos
2296 3866 2573 3933 adhibere,
2622 3864 2731 3919 nisi
2767 3864 2932 3920 venia
2965 3862 3206 3934 rogatori

750 3955 884 4011 data
928 3957 1027 4019 est,
1082 3972 1193 4008 non
1238 3953 1415 4010 licuit.
1490 3954 1646 4021 Quod
1692 3954 1738 4008 si
1782 3971 1976 4009 verum
2022 3957 2180 4022 esset,
2236 3955 2342 4011 hac
2388 3956 2449 4010 in
2494 3973 2554 4010 re
2600 3954 2741 4010 duae
2786 3951 2958 4015 ἀδείας
2994 3953 3207 4007 dandae

749 4045 931 4098 essent
967 4061 1176 4099 causae.
1213 4073 1285 4082 —
1322 4043 1579 4101 Ceterum
1615 4044 1674 4098 id
1711 4061 1931 4112 quoque
1966 4044 2198 4099 fortasse
2234 4045 2596 4114 spectandum
2632 4046 2732 4110 est,
2771 4046 2837 4099 ut
2873 4061 2940 4099 ex
2974 4041 3208 4113 pecunia.

749 4132 809 4187 in
853 4134 1065 4203 templo
1111 4133 1363 4203 deposita
1407 4132 1511 4189 dea
1555 4133 1859 4203 perceperit
1903 4151 2143 4200 usuram,
2192 4151 2360 4202 quam
2395 4151 2614 4189 summa
2648 4134 2943 4203 absumpta
2985 4162 3057 4171 —
3101 4130 3208 4185 nisi

749 4221 985 4292 pecunia
1018 4239 1078 4278 re
1112 4240 1243 4278 vera
1278 4221 1413 4279 deae
1446 4223 1617 4278 fuerit
1663 4252 1720 4261 -
1760 4240 1872 4278 non
1907 4221 2021 4278 iam
2056 4239 2285 4293 pensam
2322 4241 2436 4278 esse
2473 4240 2508 4278 a
2543 4223 2747 4293 populo
2782 4221 3081 4278 verisimile
3108 4223 3205 4277 est.

931 4309 976 4378 ⁸)
1014 4312 1133 4367 Hae
1170 4329 1388 4380 quoque
1424 4329 1509 4367 res
1545 4312 1618 4367 ad
1653 4311 1891 4381 priorem
1929 4311 2153 4380 quidem
2190 4311 2670 4368 commentationis
2706 4314 2922 4382 partem
2961 4311 3033 4381 (v.
3057 4330 3111 4381 p.
3138 4312 3207 4365 44

750 4399 875 4454 adn.
913 4400 976 4468 3)
1011 4400 1311 4471 pertinent,
1349 4401 1445 4456 sed
1481 4400 1615 4469 quia
1651 4401 1718 4454 de
1752 4400 2000 4470 pecuniis
2036 4400 2362 4457 adhibendis
2399 4402 2603 4472 agitur,
2639 4402 2749 4456 huc
2783 4419 2873 4457 eas
2899 4400 3209 4456 referendas

749 4506 954 4544 censul.

932 4579 982 4648 ⁴)
1019 4579 1087 4633 cf.
1125 4579 1387 4634 Mnemos.
1423 4597 1478 4634 n.
1516 4596 1558 4634 s.
1599 4580 1702 4635 XV
1737 4598 1792 4650 p.
1832 4581 1883 4636 5.

931 4668 976 4736 ⁶)
1013 4668 1079 4723 cf.
1093 4669 1247 4723 Dem.
1258 4668 1443 4723 XXHI
1453 4669 1522 4724 62
1533 4691 1547 4735 ς
1559 4669 1811 4726 Platnerz
1827 4671 2008 4726 »Proc.
2019 4688 2072 4726 u.
2084 4671 2205 4726 Kls
2219 4670 2274 4724 H
2285 4672 2380 4736 43;
2401 4669 2555 4725 Petit
2573 4670 2610 4725 l.
2621 4671 2659 4726 l.
2671 4670 2750 4726 IV
2764 4669 2848 4737 10,
2861 4671 2896 4724 9
2906 4687 2959 4739 p.
2971 4669 3077 4725 475
3089 4687 3207 4739 sqq.
