3567 5392
1361 1390 1633 1471 Liber
1689 1391 1945 1471 alter.

923 1714 1095 1812 DE
1172 1720 1707 1819 ΑΔΕΙΑΣ
1786 1711 2396 1813 DA'PIONE.

602 1884 761 1967 Cap.
810 1885 872 1949 Ι.
913 1886 1171 1952 νΑδεια
1215 1887 1372 1952 nisi
1418 1887 1743 1951 maximo
1793 1888 1867 1950 in
1909 1874 2317 1952 comitiatu
2357 1887 2694 1969 irrogari
2732 1908 2887 1953 non

422 1994 693 2076 potuit.

586 2099 812 2164 ἈἈδειοι
858 2119 939 2163 ex
986 2099 1142 2164 iuris
1188 2100 1465 2164 Romani
1512 2099 1990 2182 significatione
2037 2100 2603 2184 privilegium1)
2655 2106 2771 2183 est,
2817 2101 2884 2164 in

420 2206 781 2272 Atticorum
845 2215 1063 2273 autem
1122 2207 1265 2272 'iure
1337 2206 1597 2291 publico
1670 2206 2241 2290 populiscitum
2316 2206 2625 2291 privato
2701 2207 2883 2270 irro-

607 2383 648 2448 1)
688 2385 768 2436 De
805 2383 1207 2452 privilegiis
1245 2383 1554 2452 irrogandis
1592 2384 1741 2452 apud
1778 2386 2021 2437 oratores
2070 2384 2284 2437 Atticos
2337 2376 2709 2453 compluribus
2754 2384 2887 2438 locis

423 2476 579 2526 extat
635 2473 740 2537 lex,
797 2490 967 2539 quam
1021 2471 1327 2526 Andocides
1383 2472 1451 2526 de
1504 2474 1669 2540 myst.
1708 2473 1775 2526 87
1825 2472 1914 2524 his
1961 2472 2222 2526 tradidit:
2263 2468 2414 2543 Μηδὲ
2452 2469 2529 2522 ἐπ’
2567 2469 2704 2542 ἀνδρὶ
2740 2470 2886 2542 νόμον

422 2558 600 2620 ἐξεῖναι
636 2559 822 2621 θεῖναι,
861 2557 947 2610 ἐὰν
985 2560 1063 2630 μὴ
1099 2560 1182 2611 τὸν
1219 2557 1369 2611 αὖτὸν
1408 2558 1484 2611 ἐπὶ
1530 2568 1675 2611 πᾶσιν
1722 2558 2052 2630 Ἀθηναίοις,
2102 2558 2188 2611 ἐὰν
2232 2560 2312 2630 μὴ
2361 2558 2716 2630 ἑξακισχιλίοις
2764 2557 2885 2629 δόξῃ

421 2647 642 2720 κρύβδην
707 2648 1087 2721 ψηφιζομένοις,
1153 2654 1397 2705 extremo
1472 2654 1663 2705 autem
1727 2651 2045 2704 enuntiato:
2107 2647 2194 2700 ἐὰν
2249 2650 2354 2719 μὴ.
2378 2692 2390 2705 .
2413 2692 2425 2704 .
2449 2691 2461 2704 .
2529 2647 2884 2719 ψηφῑζθμὲνθῑς

422 2740 619 2793 omisso
664 2740 802 2793 haec
849 2740 938 2793 lex
993 2739 1141 2809 apud
1195 2739 1621 2793 Demosthenem
1678 2738 1881 2806 [XXIII
1926 2739 1996 2792 86
2043 2741 2099 2792 et
2144 2738 2276 2792 ibid.
2328 2738 2450 2805 218]
2510 2741 2682 2803 extat,
2740 2755 2882 2806 quae

421 2828 650 2882 oratoris
687 2828 860 2897 ipsius
895 2828 1076 2882 verbis
1118 2827 1171 2895 [ξ
1211 2827 1296 2895 86]
1337 2828 1736 2897 comprobatur.
1811 2827 2059 2881 Eandem
2105 2828 2286 2897 legem
2335 2827 2531 2881 deinde
2568 2827 2876 2880 Ps,-Demo-

421 2918 639 2972 sthenes
680 2917 873 2992 [XLVI
915 2916 997 2983 12]
1035 2920 1330 2981 memorat3
1370 2916 1607 2985 denique
1653 2917 2045 2970 Demosthenes
2096 2915 2299 2983 [XXIV
2349 2915 2453 2983 59],
2501 2932 2610 2984 quo
2657 2915 2774 2969 loco
2819 2914 2880 2968 in

419 3006 694 3074 plerisque
731 3006 979 3060 codicum
1015 3023 1082 3060 ea
1116 3007 1303 3071 verba,
1341 3006 1542 3073 quibus
1587 3005 1905 3060 continetur
1948 3005 2197 3074 exceptio
2242 3005 2361 3068 illa,
2410 3022 2553 3073 quae
2601 3004 2667 3058 de
2712 3003 2880 3073 privi-

419 3095 582 3164 legiis
620 3113 654 3148 a
691 3111 786 3149 sex
824 3094 1049 3164 milibus
1086 3094 1293 3149 civium
1330 3094 1640 3164 irrogandis
1678 3094 1818 3164 agit,
1857 3095 2145 3164 leguntur:
2186 3091 2338 3164 Μηδὲ
2383 3093 2533 3163 νόμον
2577 3091 2758 3153 ἐξεῖναι
2804 3092 2877 3144 ἐπ’

420 3180 557 3253 ἀνδρὶ
594 3182 780 3244 θεῖναι,
819 3180 905 3233 ἐὰν
942 3183 1019 3253 μὴ
1056 3183 1137 3234 τὸν
1174 3180 1322 3234 αὐτὸν
1348 3180 1425 3234 ἐπὶ
1453 3191 1609 3234 πᾶσιν·
1625 3180 1936 3254 Ἀθηναίοις
1964 3182 2104 3252 τιθῇ,
2134 3181 2289 3245 <ἐὰν
2319 3183 2396 3253 μὴ
2425 3183 2881 3250 (Schoemann)>

421 3272 777 3342 ψηφισαμένων
813 3273 891 3343 μὴ
929 3269 1135 3323 ἔλαττον
1174 3270 1537 3342 ἑξακισχιλίων,
1575 3264 1651 3334 οἷς
1689 3271 1751 3322 ἂν
1789 3270 1909 3341 δόξῃ
1945 3270 2166 3343 κρύβδην
2205 3271 2560 3342 ψηφιζομένοις
2600 3271 2686 3341 [cf.
2725 3273 2881 3327 Dem,

420 3362 599 3416 XXIV
617 3363 711 3426 453
745 3361 945 3430 [Dem.]
967 3362 1090 3416 LIX
1109 3362 1203 3427 893
1233 3362 1480 3417 Philoch.
1510 3362 1575 3415 fr.
1608 3364 1675 3415 79
1694 3363 1756 3425 b;
1778 3362 2045 3418 Valeton:
2079 3363 2340 3416 Mnemos,
2368 3380 2492 3416 nov.
2523 3379 2623 3416 ser.
2650 3362 2753 3416 XV
2772 3380 2826 3431 p.
2849 3365 2876 3415 7

419 3460 477 3505 et
513 3451 635 3504 adn.
672 3454 697 3502 1
729 3449 847 3518 sq.].
914 3452 1101 3519 Atque
1138 3451 1408 3506 diversam
1438 3451 1682 3506 eiusdem
1710 3452 1851 3521 legis
1880 3451 2292 3520 conceptionem
2321 3451 2542 3505 Boeckh
2572 3450 2879 3519 [»Staatsh.

420 3539 471 3592 d.
508 3539 671 3593 Ath.‹
714 3540 741 3593 I
757 3538 779 3568 ³
799 3539 927 3607 294]
967 3542 1113 3594 recte
1149 3540 1248 3594 ille
1276 3540 1500 3608 quidem
1527 3540 1613 3593 ita
1635 3540 1901 3608 explicat,
1931 3543 1998 3593 ut
2024 3541 2204 3594 altera
2235 3539 2323 3607 [cf.
2353 3540 2560 3594 Andoc.
2588 3541 2625 3592 1.
2656 3540 2716 3608 1.]
2748 3542 2879 3594 ante

418 3628 718 3694 Euclidem,
750 3629 928 3683 altera
956 3626 1044 3695 [cf.
1084 3647 1129 3683 e.
1170 3648 1214 3683 c.
1252 3630 1407 3683 Dem.
1438 3628 1619 3682 XXIV
1649 3628 1736 3697 59]
1765 3628 1994 3683 Euclide
2021 3629 2284 3683 archonte
2310 3629 2462 3683 facta
2489 3628 2578 3683 sit.
2638 3629 2881 3683 Wester-

418 3735 587 3773 mann
624 3721 830 3782 autem,
869 3717 968 3785 qui
1010 3717 1099 3784 [cf.
1133 3719 1382 3773 »Unters.
1421 3718 1512 3772 ub.
1552 3717 1602 3772 d.
1641 3718 1702 3772 in
1730 3718 1781 3770 d.
1813 3720 1917 3772 att,
1946 3718 2164 3772 Redner
2192 3718 2390 3787 eingel.
2422 3718 2587 3773 Urk.‹
2620 3736 2675 3787 p.
2705 3718 2882 3772 3-60

418 3806 479 3859 in
515 3806 716 3860 Abhdl.
754 3806 805 3860 d.
845 3807 904 3863 k.
944 3808 1117 3862 sachs.
1164 3807 1300 3862 Ges·
1334 3807 1385 3861 d.
1433 3807 1598 3861 Wiss,
1650 3807 2024 3876 (philol.·hist.
2074 3806 2182 3874 Ol.)
2231 3807 2376 3875 Lips.
2420 3806 2581 3873 1850]
2630 3806 2749 3860 litis
2793 3807 2880 3859 in-

418 3897 742 3966 strumenta,
772 3913 915 3964 quae
954 3895 1101 3964 apud
1133 3896 1557 3950 Demosthenem
1585 3896 1646 3949 in
1682 3894 1934 3950 oratione
1982 3895 2241 3949 adversus
2279 3895 2647 3950 Timocratem
2683 3894 2880 3949 habita

419 3988 628 4047 extant,
657 3985 882 4039 omnino
912 4003 946 4038 a
973 3985 1198 4039 falsario
1217 3985 1349 4039 ficta
1377 4002 1491 4039 esse
1519 3984 1822 4047 contendit,
1843 3984 2221 4053 exceptionem
2248 3983 2409 4038 illam
2435 4002 2545 4037 non
2575 3984 2877 4053 genuinam

418 4082 538 4128 esse*
568 4073 737 4138 dixit;
765 4073 906 4142 legis
934 4073 1114 4144 igitur
1139 4075 1309 4128 verba
1336 4074 1473 4128 haec
1499 4074 1611 4128 fere
1640 4073 1824 4139 fuisse,
1852 4090 1995 4141 quae
2022 4059 2081 4126 in
2102 4072 2599 4127 Ps.·Demosthenis
2630 4072 2879 4127 oratione

422 4161 613 4228 [XLVI
655 4161 738 4230 12]
778 4163 1119 4232 legerentur:
1160 4159 1325 4229 (ἀλλὰ
1362 4162 1468 4232 μὴν
1507 4159 1614 4232 οἵγε
1651 4161 1793 4232 νόμοι
1829 4160 2212 4232 ἀπαγορεύουσι)
2250 4159 2380 4232 μηδὲ
2407 4161 2557 4231 νόμον
2585 4159 2763 4221 ἐξεῖναι
2800 4158 2877 4210 ἐπ’

417 4247 551 4320 ἀνδρὶ
589 4250 773 4315 θεῖναι,
813 4249 874 4301 ἂν
911 4251 989 4321 μὴ
1034 4252 1116 4302 τὸν
1164 4248 1311 4303 αὐτὸν
1350 4249 1427 4321 ἐφ’
1466 4252 1645 4303 ἅπασιν
1683 4249 2011 4323 Ἀθηναίοις.
2098 4252 2275 4318 Quam
2320 4252 2657 4306 sententiam
2702 4250 2879 4305 secuti

417 4358 540 4394 cum
587 4340 688 4394 alii
732 4341 1004 4396 homines,
1029 4341 1177 4396 docti
1225 4341 1398 4409 [velut
1442 4342 1707 4397 Frankel:
1758 4342 1894 4396 »Die
1942 4345 2049 4397 att.
2094 4341 2674 4411 Geschworenenger.«
2725 4359 2777 4409 p.
2806 4341 2877 4394 92

417 4429 541 4483 adn.
586 4431 607 4483 1
652 4448 690 4483 s.
733 4430 794 4497 f.]
835 4431 1017 4500 legem
1052 4431 1213 4484 illam
1259 4431 1506 4500 spuriam
1550 4431 1938 4485 iudicaverunt
1974 4435 2097 4485 tum
2142 4431 2401 4495 Valeton,
2449 4430 2547 4498 qui
2593 4425 2876 4495 (Mnemoa

415 4537 468 4572 n.
508 4537 548 4572 s,
576 4520 679 4573 XV
707 4537 760 4588 p.
800 4520 854 4586 8)
892 4520 1274 4589 privilegia
1308 4520 1399 4574 vel
1430 4521 1614 4589 leges
1652 4520 1719 4574 de
1756 4519 1927 4589 privis
1964 4520 2280 4574 hominibus
2318 4538 2387 4575 ex
2426 4520 2545 4574 iure
2573 4519 2762 4573 Attico
2789 4536 2871 4572 ro-

419 4625 552 4677 gare
588 4626 700 4662 non
738 4609 957 4664 licuisse
994 4600 1296 4664 contendit.
1369 4609 1538 4663 Multi
1574 4626 1706 4664 sane
1744 4609 1893 4678 apud
1922 4609 2350 4664 Demosthenem
2377 4610 2484 4664 loci
2530 4626 2653 4663 eam
2697 4609 2880 4677 legem

417 4697 907 4766 exceptionemque
944 4697 1056 4767 legi
1094 4698 1348 4752 additam
1385 4698 1625 4753 valuisse
1659 4697 1921 4753 videntur
1958 4698 2356 4765 demonstrare3
2397 4698 2464 4753 cf.
2503 4699 2656 4752 Dem.
2696 4696 2877 4750 XXIV

2518 4789 2549 4839 8
