3567 5392
1870 416 1958 479 40

682 610 1196 677 commemoratis
1245 609 1558 696 exemplis
1606 611 1771 677 haec
1818 617 1993 678 recte
2037 611 2251 679 addit:
2304 613 2432 693 „Es
2461 611 2549 678 ist
2576 618 3135 698 vorauszusetzen,

680 739 869 785 wenn
926 718 1047 784 auf
1083 717 1375 784 Furbitte
1436 739 1563 785 von
1608 718 1912 802 Konigen
1970 719 2094 785 wie
2156 720 2224 785 in
2270 718 2397 785 den
2441 717 2672 784 Fallen
2717 719 2824 785 bei
2868 720 3135 786 Pei-De-

680 824 1046 892 mosthenes
1093 824 1225 891 und
1270 824 1578 892 Plutarch
1625 826 1909 892 Demetr.
1957 826 2100 893 eine
2130 826 2369 893 Schuld
2416 825 2707 893 erlassen
2752 825 2993 911 warde,
3040 827 3136 892 sei

681 935 802 999 auf
822 932 1045 999 Grund
1092 932 1307 999 dieser
1351 932 1645 1000 Fiirbitte
1693 933 1802 1000 die
1848 933 2023 1001 ἄδεια
2072 940 2286 1001 zuerst
2330 934 2773 1018 nachgesucht
2810 932 3130 999 worden.“

680 1041 919 1106 Verum
984 1041 1050 1105 in
1114 1040 1486 1106 civitatibus
1551 1040 1860 1107 subiectis
1925 1041 2234 1127 populum
2297 1041 2805 1130 Atheniensium,
2870 1050 2939 1110 ut
3000 1064 3137 1110 rem

680 1148 1009 1233 publicam
1038 1153 1464 1234 componeret,
1495 1168 1639 1214 cum
1668 1147 1803 1213 alia
1833 1154 1967 1214 tum
1996 1148 2355 1216 debitorum
2382 1150 2827 1219 remissionem
2858 1151 3136 1237 simplici

680 1255 1121 1341 psephismate
1169 1254 1543 1322 decrevisse
1591 1278 1708 1342 per
1755 1277 1828 1323 se
1874 1257 2087 1342 ipsum
2133 1258 2546 1341 intellegitur.
2562 1259 2608 1339 ¹)

859 1363 1000 1428 Iam
1064 1381 1217 1428 vero
1283 1362 1691 1449 indagemus,
1764 1369 1975 1430 utrum
2047 1365 2430 1432 remissione
2505 1364 2868 1432 debitorum
2932 1366 3135 1451 publi-

682 1490 900 1535 corum
948 1490 1261 1536 concessa
1307 1470 1697 1556 respublica,
1762 1492 1907 1537 cum
1954 1470 2242 1537 debitum
2287 1471 2355 1537 in
2401 1471 2642 1539 tabulis
2699 1472 2981 1540 deletum
3030 1473 3132 1550 sit,

681 1577 1100 1662 pecuniarum
1161 1577 1479 1643 iacturam
1543 1577 1788 1663 fecerit,
1856 1599 1940 1643 an
2005 1577 2268 1644 aliunde
2321 1578 2408 1658 id,
2476 1579 2649 1663 quod
2704 1580 2915 1666 periit,
2980 1600 3135 1666 sup-

680 1684 1034 1769 pleverit.2)
1136 1685 1282 1752 Non
1338 1683 1606 1751 difficile
1668 1685 1960 1769 intellegi
2015 1691 2231 1771 potest
2293 1686 2595 1752 lacunam
2641 1687 2877 1753 aerarii
2926 1693 3134 1754 extra-

683 1791 1008 1857 ordinario
1073 1791 1376 1859 videlicet
1427 1792 1662 1858 tributo
1724 1792 2113 1879 explendam
2170 1793 2391 1877 fuisse,
2454 1794 2580 1860 nisi
2635 1794 2975 1861 habuisset
3030 1814 3133 1861 res

673 1898 962 1985 publica,
1029 1899 1199 1965 unde
1255 1899 1584 1985 impensas
1629 1899 1928 1985 publicas
1975 1906 2357 1986 praestaret.
2450 1900 2638 1978 Quod
2691 1923 2821 1968 non
2867 1903 3136 1969 obscure

687 2027 768 2072 ex
795 2006 1256 2073 Demosthenis
1305 2027 1391 2072 or.
1419 2007 1637 2071 XXIV
1681 2010 1804 2074 161
1854 2012 2053 2092 patet,
2100 2008 2211 2073 ubi
2256 2007 2421 2074 haec
2469 2008 2772 2091 legimus:
2823 2062 2838 2078 .
2889 2060 2903 2075 .
2952 2012 3136 2098 δημη-

684 2118 888 2199 γορίαν
952 2115 998 2179 δ’
1047 2115 1144 2179 ἐπὶ
1197 2118 1429 2187 τοὺτοις
1480 2118 1850 2201 ποιοῦμενος,
1917 2114 2000 2188 ὡς
2056 2116 2183 2181 ’ἐστι
2239 2123 2417 2201 τριῶν
2472 2115 2695 2201 αἵρεσις
2748 2113 2903 2203 ὑμῖν,
2970 2116 3011 2203 ἢ
3065 2121 3138 2183 τὰ

686 2233 943 2308 πομπεῖα
979 2228 1367 2288 κατακόπτειν
1405 2220 1445 2308 ἢ
1485 2224 1660 2287 πάλιν
1697 2219 1981 2310 εἰσφέρειν
2007 2220 2048 2308 ἢ
2078 2224 2219 2294 τοὺς
2246 2221 2603 2307 ὀφείλοντας
2639 2221 3003 2309 εἰσπράττειν
3021 2276 3035 2291 .
3064 2276 3079 2292 .
3108 2275 3123 2292 .

682 2330 912 2412 Itaque
978 2327 1034 2395 si
1099 2327 1360 2394 debitae
1422 2329 1764 2414 pecuniae,
1832 2327 1972 2395 sive
2040 2329 2538 2396 vremittebantur
2614 2329 2752 2396 sive
2824 2352 2951 2396 non
3023 2331 3135 2396 im-

685 2434 1150 2521 pendebantur,
1219 2455 1347 2501 non
1392 2434 1697 2516 redirent,
1765 2434 2280 2502 extraordinario
2336 2437 2573 2503 tributo
2628 2437 2946 2522 pecuniae
2992 2459 3137 2504 con-

686 2543 839 2609 ferri
905 2541 1220 2628 solebant,
1284 2548 1354 2608 ut
1419 2541 1721 2627 equidem
1785 2543 2029 2628 opinor.
2124 2542 2256 2610 Sed
2320 2542 2472 2609 idne
2537 2565 2793 2630 semper
2849 2552 2913 2611 et
2969 2544 3138 2611 unde

686 2650 926 2716 factum
974 2649 1076 2735 sit,
1121 2651 1430 2716 incertum
1481 2656 1608 2733 est3
1658 2650 1856 2716 etiam
1901 2650 2229 2736 incertius,
2276 2656 2487 2717 utrum
2514 2652 2830 2736 pecuniae
2860 2651 3137 2736 debitae,

687 2777 850 2841 quas
913 2756 1338 2824 remittendas
1401 2756 1679 2843 populus
1763 2757 2144 2844 decreverit,
2218 2758 2284 2823 in
2350 2758 2590 2824 tabulis
2656 2759 2739 2824 ab
2803 2758 2903 2844 iis,
2977 2779 3136 2842 quos

685 2870 1031 2950 πράκτορας
1077 2864 1314 2930 Graeci
1360 2870 1612 2951 vocant,
1657 2864 2149 2949 magistratibus
2198 2864 2456 2932 deletae
2505 2864 2653 2945 sint,
2718 2865 2813 2931 ita
2860 2865 3136 2951 quidem,

687 2977 756 3037 ut
802 2972 1036 3038 lacuna
1102 2973 1295 3039 fuerit
1349 2973 1415 3037 in
1471 2971 1731 3058 tabulis,
1797 2993 1882 3038 an
1942 2993 2161 3039 earum
2217 2973 2636 3058 pecuniarum
2681 2974 2822 3039 loco
2872 2994 3137 3059 summa,

688 3100 857 3164 quae
917 3079 1185 3145 redierit
1230 3078 1497 3169 εἰσφορᾷ,
1564 3080 1775 3145 relata
1824 3080 1927 3148 sit.
2038 3081 2138 3145 Ex
2184 3067 2574 3148 Patroclidis
2639 3102 2798 3148 sane
2842 3081 3137 3167 psephis-

685 3187 880 3253 matis
945 3186 1189 3253 verbis:
1265 3187 1567 3274 ἐξαλεῖψαι
1631 3190 1768 3260 τοὺς
1831 3188 2239 3274 πράκτορας3)
2315 3189 2397 3254 ab
2453 3171 2612 3254 illis
2646 3188 3137 3272 magistratibus

686 3294 846 3360 nihil
893 3292 1073 3359 aliud
1118 3294 1244 3361 nisi
1291 3301 1651 3377 expunctas
1700 3314 1848 3361 esse
1896 3315 2182 3361 summas
2230 3294 2487 3361 debitas
2532 3295 2788 3362 videtur
2834 3295 3136 3379 colligen-

688 3400 879 3484 dum3
945 3406 1164 3467 tamen
1229 3401 1299 3466 id
1364 3400 1737 3468 abhorreret
1801 3423 1842 3467 a
1906 3401 2295 3485 gravissima
2359 3402 2475 3467 illa
2539 3402 2687 3486 lege
2744 3410 2808 3469 et
2864 3403 3137 3468 formula

686 3508 845 3574 iuris
908 3508 1153 3594 publici
1197 3509 1416 3595 Attici,
1482 3529 1610 3593 qua
1676 3515 1741 3575 et
1806 3510 2131 3576 aerarium
2198 3516 2263 3576 et
2317 3510 2582 3577 tabulae
2636 3510 2939 3597 publicae
2993 3516 3138 3576 rata

688 3632 834 3682 esse
880 3615 1196 3684 iubentur.
1287 3616 1373 3682 At
1402 3617 1483 3683 ob
1511 3616 1680 3682 hanc
1725 3617 1940 3703 ipsam
1969 3638 2253 3698 causam,
2305 3617 2479 3702 quod
2524 3625 2788 3703 rogator
2817 3617 3139 3684 aerarium

686 3723 1014 3809 publicum
1058 3722 1398 3808 illegitime
1445 3723 1888 3790 deminuturus
1938 3730 2093 3810 erat,
2142 3726 2204 3791 ei
2251 3725 2421 3810 ἀδείᾳ
2468 3745 2629 3810 opus
2659 3723 2798 3794 fuit.
2875 3726 3139 3792 Verum-

687 3837 906 3897 tamen
951 3850 1085 3896 rem
1132 3830 1501 3917 disceptare
1546 3851 1674 3896 non
1721 3830 1953 3899 audeo,

867 3937 996 4004 Sed
1037 3937 1124 4004 ad
1161 3938 1374 4022 legem
1412 3937 1494 4004 de
1530 3938 1914 4006 remissione
1952 3938 2311 4004 debitorum
2351 3959 2549 4023 supra
2594 3942 2687 4024 (p.
2717 3937 2831 4026 38)
2870 3940 3140 4005 allatam

685 4051 1100 4112 revertamur.
1194 4044 1405 4122 Quam
1450 4067 1579 4113 non
1624 4046 1941 4130 integram
1991 4065 2138 4113 esse
2176 4046 2308 4111 iam
2339 4045 2744 4112 Schoemann
2789 4047 3139 4133 perspexit,

870 4259 913 4329 1)
951 4261 1031 4315 cf.
1069 4260 1210 4316 CJA.
1255 4261 1335 4316 IV
1375 4263 1423 4326 1,
1461 4262 1526 4315 61
1552 4280 1610 4327 a3
1647 4280 1700 4316 v,
1739 4279 1907 4331 supra
1941 4279 1995 4331 p.
2034 4261 2104 4314 24
2141 4261 2266 4315 adn.
2305 4261 2356 4316 5.

871 4349 914 4419 ²)
952 4351 1099 4406 Certi
1156 4350 1305 4406 enim
1359 4349 1570 4406 reditus
1625 4350 1696 4406 ad
1744 4350 2040 4405 nonnullas
2094 4349 2371 4420 impensas
2417 4349 2721 4406 ordinarias
2776 4349 3052 4405 faciendas
3106 4370 3141 4406 a

686 4440 889 4511 populo
927 4443 1087 4495 erant
1117 4439 1453 4495 destinatae:
1490 4440 1648 4495 velut
1683 4440 1897 4495 multae
1926 4439 1996 4495 ad
2022 4439 2326 4495 mercedem
2347 4440 2712 4495 heliastarum
2749 4439 2818 4508 (c.
2848 4440 3140 4510 sexaginta

686 4530 904 4585 talenta
948 4546 1046 4600 per
1093 4547 1301 4584 annum
1311 4551 1325 4595 ς
1373 4529 1439 4584 cf.
1489 4530 1683 4584 Busolt
1728 4530 1760 4597 ς
1808 4529 1913 4584 225
1957 4547 2011 4599 p.
2065 4530 2179 4595 198,
2229 4529 2287 4597 7)
2298 4551 2312 4596 3
2371 4530 2438 4585 cf.
2486 4528 2703 4585 Gilbert
2738 4530 2765 4584 I
2811 4547 2866 4599 p.
2912 4530 3034 4597 321,
3074 4530 3135 4595 23

685 4619 881 4674 Busolt
917 4623 946 4682 ξ
985 4619 1089 4673 213
1126 4637 1180 4688 p.
1225 4618 1340 4684 188,
1379 4618 1429 4673 3.

870 4707 916 4779 ³)
952 4709 1020 4763 cf.
1060 4708 1201 4764 And.
1239 4710 1307 4764 de
1341 4711 1508 4780 myst.
1545 4709 1577 4777 g
1616 4709 1699 4765 79.
