3567 5392
1614 440 1739 503 139

451 654 593 701 cum
641 635 811 701 alias
859 640 1124 700 senatus
1170 653 1306 699 rem
1352 633 1680 718 publicam
1737 640 1924 717 gerat
1972 639 2036 699 et
2096 632 2504 699 administret
2559 633 2910 699 secundum

452 742 717 809 decreta
763 755 872 829 τῆς
919 741 1326 828 ὲκκλησίας.1)

630 866 884 932 Deinde
931 873 1147 932 autem
1193 867 1269 951 is,
1317 886 1506 949 quem
1555 864 1853 950 diximus,
1901 864 2177 931 actionis
2228 871 2413 930 tenor
2459 864 2742 931 decretis
2797 890 2911 931 πο-

453 979 699 1059 λιτείας,
747 994 917 1057 quae
960 975 1165 1039 multa
1213 978 1462 1058 extant,
1511 974 1979 1058 comprobatur.
2073 972 2374 1038 Civitatis
2423 973 2595 1038 enim
2652 972 2911 1038 dandae

450 1081 636 1165 ratio,
683 1101 877 1165 quam
922 1079 1046 1147 hoc
1092 1081 1236 1145 loco
1282 1080 1545 1146 uberius
1593 1085 1876 1145 tractare
1921 1078 2136 1163 liceat,
2182 1078 2347 1144 haec
2392 1079 2587 1158 fuit.2)

632 1206 704 1272 Si
741 1207 886 1290 quis
929 1206 1165 1271 civium
1202 1225 1283 1270 ex
1312 1205 1800 1291 peregrinorum
1828 1204 1968 1271 sive
1998 1204 2451 1287 inquilinorum
2487 1225 2753 1270 numero
2795 1205 2911 1269 ali-

454 1334 644 1398 quem
664 1313 926 1378 civitate
957 1298 1220 1396 dignum
1247 1319 1452 1397 putat,
1481 1332 1619 1377 rem
1655 1319 1769 1377 aut
1798 1312 1941 1398 ipse
1972 1319 2085 1376 aut
2114 1332 2232 1397 per
2258 1312 2459 1377 alium
2490 1311 2577 1377 ad
2618 1318 2913 1378 senatum

451 1420 663 1505 refert,
712 1421 824 1504 qui
866 1420 1288 1505 probuleuma
1336 1418 1418 1484 de
1467 1440 1546 1485 ea
1592 1440 1663 1484 re
1700 1419 2128 1504 perscriptum
2163 1440 2281 1504 per
2320 1425 2633 1504 prytanes
2669 1419 2912 1505 populo

454 1527 759 1612 proponit
802 1527 871 1591 in
917 1527 1213 1592 contione
1261 1526 1609 1612 ordinaria,
1640 1547 1765 1608 quo
1815 1526 1989 1591 facto
2024 1526 2415 1612 disceptatio
2445 1526 2534 1612 fit,
2566 1528 2911 1612 placeatne

452 1635 694 1721 populo
741 1634 1233 1700 Atheniensium
1277 1633 1445 1698 hunc
1499 1634 1826 1699 hominem
1881 1634 2143 1700 civitate
2201 1633 2462 1700 donare.
2574 1632 2764 1710 Quod
2817 1634 2913 1699 ita

453 1742 695 1808 factum
753 1762 899 1808 esse
947 1743 1011 1807 in
1058 1745 1359 1816 πολιτείας
1408 1740 1687 1807 decretis
1744 1741 2018 1806 formula
2074 1740 2630 1826 probuleumatica
2685 1747 2913 1826 aperte

456 1849 942 1931 demonstratss)
1035 1849 1107 1914 Si
1172 1854 1390 1914 autem
1443 1849 1686 1934 populo
1754 1849 2081 1915 civitatem
2146 1847 2244 1912 illi
2309 1848 2638 1933 impertire
2702 1849 2912 1914 visum

457 1963 574 2040 est,
620 1976 748 2021 non
792 1956 973 2041 prius
1022 1962 1167 2021 rata
1215 1955 1662 2039 est-donati0‚
1712 1976 1905 2039 quam
1959 1954 2237 2039 populus
2291 1955 2360 2020 in
2414 1955 2708 2040 proxima
2766 1975 2912 2020 con-

456 2064 696 2147 tione4)
751 2063 1206 2149 praesentibus
1260 2063 1592 2127 minimum
1649 2083 1765 2128 sex
1821 2063 2080 2128 milibus
2148 2062 2383 2127 civium
2449 2069 2515 2127 et
2575 2083 2702 2128 uno
2768 2083 2912 2127 eam

641 2276 681 2343 ¹)
721 2277 801 2332 Of.
840 2278 1030 2332 Perrot
1067 2278 1104 2330 1.
1144 2278 1181 2331 l.
1218 2295 1273 2346 p.
1313 2278 1376 2331 31
1420 2295 1536 2344 sqq.

631 2385 684 2449 ²)
722 2387 881 2440 Hanc
915 2403 1033 2440 rem
1070 2385 1358 2454 descripsit
1398 2381 1595 2452 [Dem.]
1627 2384 1750 2437 LIX
1770 2384 1839 2437 89
1878 2401 1957 2451 sq.
2033 2383 2318 2437 Praeclare
2355 2382 2631 2438 rationem
2669 2384 2917 2439 civitatis

453 2474 784 2544 irrogandae
821 2475 1075 2543 exposuit
1109 2475 1310 2529 Meier:
1357 2474 1454 2529 »de
1491 2475 1619 2529 bon.
1659 2473 1879 2527 damna<
1920 2491 1973 2542 p.
2015 2474 2080 2526 57
2120 2490 2227 2541 sq.;
2268 2473 2584 2527 Caillemer:
2629 2474 2717 2528 »la
2753 2477 2914 2528 natu-

454 2565 604 2619 ralis.
645 2569 679 2617 a
718 2565 882 2618 Ath.«
924 2583 978 2633 p.
1021 2564 1085 2618 13
1123 2581 1243 2632 sqq.

642 2669 686 2740 ⁸)
724 2671 791 2725 cf.
832 2688 877 2726 e.
917 2689 961 2726 c.
999 2670 1142 2725 CJA.
1182 2671 1236 2723 II
1275 2670 1360 2725 51.
1406 2699 1464 2707 —
1507 2670 1626 2723 Hoc
1653 2670 1772 2723 loco
1801 2667 2040 2722 strictim
2067 2668 2136 2722 de
2162 2669 2398 2723 formula
2424 2669 2915 2738 probuleumatica„

459 2778 602 2829 quae
638 2761 700 2815 in
743 2761 935 2830 paucis
981 2757 1229 2820 πολιτείας
1277 2758 1508 2813 decretis
1554 2775 1665 2812 non
1710 2757 1943 2827 legitur,
1993 2760 2049 2812 et
2097 2757 2164 2811 de
2210 2757 2733 2826 praescriptionibus
2778 2759 2916 2814 titu-

459 2850 639 2903 lorum
676 2851 1023 2918 quorundam
1061 2866 1225 2919 agere
1269 2849 1453 2903 liceat.
1528 2849 1595 2902 In
1643 2848 1814 2901 titulo
1861 2847 1936 2902 CJ
1940 2849 2003 2901 A.
2042 2848 2097 2901 Π
2115 2848 2187 2901 54
2223 2848 2605 2903 additamento
2642 2850 2714 2915 (h.
2764 2867 2810 2905 e.
2857 2851 2919 2904 in

457 2938 593 3008 ipsis
630 2939 869 2994 comitiis
904 2940 1051 2994 iusto
1089 2942 1313 2993 senatus
1349 2938 1773 3007 probuleumate
1811 2954 1921 2991 non
1958 2937 2128 3001 facto)
2165 2937 2383 3007 rogatio
2420 2938 2666 2993 civitatis
2704 2939 2919 2995 dandae

456 3027 646 3093 fertur‚
692 3039 815 3082 tum
858 3029 1050 3083 verba:
1097 3027 1194 3099 τὴν
1239 3025 1289 3078 δὲ
1326 3027 1497 3097 ψῆφον
1546 3023 1724 3077 δοῦναι
1771 3023 1880 3077 κτλ.
1930 3028 2252 3093 sequuntur,
2291 3027 2490 3094 quibus
2526 3028 2921 3096 praescribitur

456 3117 803 3185 prytanibus,
833 3119 898 3171 ut
926 3118 994 3171 de
1030 3117 1277 3172 civitatis
1306 3117 1532 3171 datione
1558 3115 1830 3184 populum
1859 3115 1919 3168 in
1947 3115 2384 3170 extraordinaria
2411 3116 2665 3171 contione
2682 3118 2921 3173 mittant

457 3205 519 3258 in
545 3204 886 3276 suffragium.
926 3205 1116 3260 Titulo
1147 3208 1337 3260 autem
1366 3206 1470 3259 hoc
1496 3207 1580 3259 est
1608 3203 2036 3273 praescriptum:
2067 3200 2231 3264 ἔδοξεν
2259 3210 2323 3273 τῇ
2351 3202 2513 3274 βουλῇ
2539 3205 2627 3257 καὶ
2652 3212 2722 3275 τῷ
2752 3205 2920 3276 δήμῳ,

458 3297 517 3349 et
562 3294 802 3349 formula
844 3295 1320 3364 probuleumatica
1356 3295 1415 3348 in
1454 3311 1517 3349 eo
1564 3294 1772 3363 legitur
1810 3291 1899 3361 (cf.
1950 3292 2092 3347 CJA.
2130 3293 2185 3346 H
2215 3296 2298 3350 51.
2337 3295 2488 3360 280);
2526 3313 2578 3349 v.
2617 3286 2684 3350 de
2721 3297 2827 3351 hac
2862 3314 2922 3352 re

459 3401 626 3452 supra
672 3385 756 3447 78,
780 3387 828 3438 7.
902 3383 969 3437 In
1015 3383 1157 3438 CJA.
1205 3384 1259 3437 H
1280 3384 1386 3438 230
1431 3383 1631 3452 fragm.
1678 3400 1735 3448 a,
1782 3382 1845 3435 in
1892 3399 2001 3450 quo
2046 3382 2217 3436 titulo
2264 3383 2473 3453 legitur
2516 3384 2755 3440 formula
2799 3404 2920 3455 pro-

458 3473 852 3539 buleumatica‚
906 3473 967 3527 in
1020 3473 1271 3542 proxima
1325 3473 1581 3528 contione
1639 3472 1907 3542 populum
1963 3472 2036 3525 ad
2092 3471 2357 3542 suffragia
2410 3490 2604 3528 vocare
2657 3478 2924 3544 prytanes

459 3561 745 3627 iubentur3
790 3562 969 3616 nihilo
1023 3565 1215 3616 tamen
1271 3561 1446 3616 secius
1502 3562 1606 3616 hoc
1660 3560 2064 3630 praescriptum
2118 3563 2230 3615 est:
2283 3557 2445 3621 ἔδοξεν
2490 3567 2560 3630 τῷ
2608 3559 2776 3633 δήμῳ,
2814 3583 2926 3619 non

461 3651 585 3705 hoc:
626 3647 790 3710 ἔδοξεν
825 3656 888 3720 τῇ
925 3647 1085 3720 βουλῇ
1112 3649 1200 3701 καὶ
1235 3655 1305 3719 τῷ
1342 3648 1509 3720 δήμῳ,
1550 3667 1720 3717 quare
1756 3651 1896 3704 haec
1930 3651 2100 3704 verba
2146 3653 2476 3718 sequuntur:
2525 3649 2809 3722 ἐψηφίσθαι
2854 3660 2925 3722 τῷ

465 3735 630 3808 δήμῳ.
706 3739 953 3809 Scriptus
991 3743 1075 3795 est
1110 3740 1312 3795 titulus
1348 3758 1393 3794 c.
1433 3740 1518 3794 01.
1559 3741 1687 3805 111;
1726 3740 1794 3794 cf.
1833 3740 1901 3794 de
1936 3738 2043 3793 hac
2079 3739 2316 3794 formula
2351 3740 2559 3795 Miller:
2596 3734 2692 3796 »de
2721 3742 2922 3798 decret.

464 3829 612 3883 Atat«
662 3847 715 3898 p.
764 3830 862 3895 28;
920 3829 987 3884 cf.
1037 3830 1210 3883 etiam
1259 3828 1553 3884 Schubert:
1607 3829 1706 3882 »de
1750 3846 1901 3897 prox·
1949 3828 2104 3882 Att.«
2154 3847 2206 3897 p.
2258 3830 2352 3893 17,
2411 3830 2507 3897 qui
2566 3831 2633 3885 de
2686 3831 2926 3888 formula.

468 3917 531 3972 in
586 3918 882 3987 proxeniae
946 3917 1177 3973 decretis
1241 3918 1496 3972 adhibita
1550 3918 1833 3982 disseruit,
1883 3920 1941 3972 et
1996 3918 2324 3971 Monceaux:
2385 3919 2527 3972 »Lex
2583 3920 2740 3974 Prox.
2797 3922 2920 3977 Gn«

463 4024 517 4075 p.
550 4007 625 4063 ‚79
664 4024 782 4074 sqq.
856 4007 921 4060 In
959 4006 1034 4061 CJ
1038 4007 1099 4060 A.
1139 4007 1194 4060 Π
1214 4007 1321 4061 300
1346 4006 1587 4060 formula.
1614 4006 2091 4075 probuleumatica
2118 4007 2289 4060 titulo
2317 4006 2492 4072 deest;
2521 4011 2925 4079 praescriptum

464 4096 568 4150 hoc
604 4098 711 4150 est:
750 4091 915 4154 ἔδοξεν
953 4100 1023 4162 τῷ
1052 4091 1220 4165 δήμῳ,
1248 4095 1442 4162 itaque
1469 4113 1604 4148 num
1630 4095 1869 4150 Koehler
1897 4095 2355 4164 subscriptionem
2383 4099 2531 4151 recte
2558 4098 2923 4167 suppleverit:

469 4181 531 4254 [ἡ
550 4181 738 4253 βουλή]
842 4182 870 4233 ὁ
889 4180 1068 4254 δῆμος,
1088 4183 1280 4239 dubito
1304 4183 1392 4251 [cf.
1416 4183 1558 4238 CJA.
1578 4185 1633 4238 H
1652 4184 1774 4238 263.
1797 4183 1943 4251 243].
1995 4184 2077 4238 De
2094 4183 2182 4237 his
2200 4185 2362 4253 rebus
2380 4185 2537 4240 Blass
2560 4186 2621 4240 in
2638 4188 2681 4241 Ι.
2701 4189 2927 4244 Miilleri

393 4276 400 4283 '
471 4273 718 4328 ›Handb.
740 4273 790 4327 d.
813 4273 977 4327 klass.
999 4273 1424 4328 Altert.-Wiss.«
1454 4274 1480 4326 I
1505 4291 1557 4342 p.
1580 4273 1682 4328 451
1714 4272 1852 4327 dicit
1878 4273 2040 4327 haec:
2073 4272 2206 4328 »Die
2233 4273 2928 4346 Sanktionierungsformel

467 4361 563 4416 der
599 4362 1176 4432 probuleumatischen
1212 4362 1452 4417 Dekrete
1491 4362 1721 4430 (lautet)
1771 4362 1872 4416 auf
1904 4362 2010 4417 den
2047 4362 2274 4417 Steinen
2311 4363 2404 4419 des
2440 4365 2491 4419 5.
2530 4365 2646 4418 und
2681 4366 2731 4421 4.
2768 4368 2801 4422 J
2803 4369 2926 4422 ahr-

469 4451 736 4505 hunderts
773 4451 1073 4520 einmiitig:
1113 4447 1277 4510 ἔδοξεν
1316 4456 1380 4520 τῇ
1418 4448 1578 4520 βουλῇ
1614 4449 1702 4501 καὶ
1738 4456 1810 4519 τῷ
1848 4448 2024 4521 δήμῳ;
2063 4452 2207 4507 nach
2244 4453 2467 4520 Euklid,
2507 4471 2750 4523 genauer
2784 4458 2930 4512 nach

414 4558 422 4565 ·
469 4540 553 4595 01.
597 4541 699 4594 124
737 4538 827 4607 [cf.
865 4540 1078 4594 Miller:
1124 4540 1222 4594 >de
1260 4540 1462 4594 decret.
1502 4541 1654 4594 Atta:
1695 4559 1749 4610 p.
1791 4540 1901 4608 29],
1940 4541 2112 4595 findet
2158 4541 2275 4596 sich
2325 4542 2574 4597 daneben
2621 4545 2761 4604 auch
2801 4545 2932 4615 jene

469 4629 721 4684 kiirzere:
762 4625 926 4689 ἔδοξεν
963 4634 1032 4698 τῷ
1070 4625 1272 4700 ὃήμῳ«,

653 4736 697 4802 ⁴)
737 4736 818 4789 De
853 4736 941 4789 his
979 4736 1218 4791 comitiis
1254 4754 1305 4791 v.
1346 4754 1517 4805 supra
1552 4755 1604 4806 p.
1647 4737 1751 4792 128
1790 4738 1915 4791 adn.
1954 4739 2002 4792 3.
