3567 5392
1820 430 2098 525 120—

832 621 964 688 Sed
1022 643 1189 687 nunc
1243 622 1378 687 iam
1434 623 1869 706 anquiramus,
1936 643 2104 706 quae
2166 622 2359 687 huius
2428 623 2886 688 sollemnitatis
2933 624 3112 689 notio

655 728 847 793 fuerit
892 729 959 793 in
1004 728 1143 794 iure
1190 730 1425 794 Attico.

835 835 1122 901 Graecos
1169 856 1304 900 rem
1349 836 1676 920 publicam
1713 835 2000 901 divinum
2042 836 2405 901 institutum
2455 837 2867 902 existimasse
2916 857 3114 921 supra

661 948 748 1026 (p.
796 945 863 1019 3)
914 941 1419 1009 demonstratum
1470 948 1586 1010 est.
1605 945 1651 1024 1>
1745 943 2035 1026 Itemque
2091 943 2187 1007 rei
2240 942 2540 1027 publicae
2589 943 3115 1009 constitutionem

662 1056 728 1114 et
789 1048 857 1112 in
923 1049 1116 1114 rebus
1189 1049 1468 1134 publicis
1540 1050 1965 1134 popularibus
2040 1069 2355 1115 summam
2427 1049 2651 1133 populi
2723 1057 3115 1135 potestatem

656 1156 920 1220 numina
968 1155 1189 1220 divina
1237 1164 1818 1240 sacrosanctasque
1856 1156 2115 1221 habitas
2155 1176 2300 1222 esse
2336 1176 2453 1240 pro
2498 1163 2670 1222 certo
2711 1156 2840 1222 dici
2876 1163 3114 1241 potest.

658 1261 869 1339 Quam
916 1263 997 1326 ob
1057 1283 1324 1329 causam
1370 1263 1841 1348 Aristophanes
1899 1262 2161 1346 quidem
2203 1270 2425 1348 poeta,
2483 1263 2591 1346 qui
2649 1265 2865 1328 omnia
2920 1271 3116 1347 atque

655 1369 837 1453 ipsos
894 1368 1052 1434 deos
1110 1368 1363 1435 deridet
1420 1378 1485 1436 et
1540 1371 1607 1434 in
1661 1370 2008 1435 ludibrium
2064 1370 2257 1435 vertit
2276 1370 2331 1451 2)
2397 1369 2836 1453 audacterque
2900 1370 3118 1437 omnia

656 1474 832 1540 mala
901 1476 993 1541 rei
1059 1476 1363 1560 publicae
1422 1476 1716 1542 instituta
1781 1483 1848 1542 et
1911 1481 2013 1541 τὸν
2079 1479 2267 1564 δῆμον
2329 1476 2543 1561 ipsum
2607 1476 2989 1561 perstringit
3054 1482 3118 1541 et

658 1583 973 1666 obiurgat,
1039 1604 1160 1649 nec
1217 1588 1324 1670 τὴν
1381 1588 1688 1651 πολιτείαν
1751 1605 1872 1649 nec
1925 1590 1992 1649 τὸ
2058 1588 2255 1669 κὺριον
2317 1597 2430 1671 τῆς
2494 1585 2793 1657 πολιτείας
2856 1583 3116 1649 eludere

661 1689 890 1772 audet3
960 1698 1029 1754 at
1083 1711 1235 1756 vero
1273 1691 1629 1769 Socrates,
1697 1690 1871 1774 quod
1927 1712 2067 1756 cum
2133 1691 2301 1756 alias
2360 1711 2465 1757 res
2528 1691 2929 1775 perniciosas
2984 1696 3118 1755 tum

660 1798 1013 1883 praecipue
1049 1811 1476 1885 ,ριαταφρονεῖν
1502 1811 1613 1885 τῆς
1640 1801 2043 1884 καθεστώσης
2077 1797 2415 1870 πολιτείας“
2444 1797 2895 1863 adulescentes
2928 1797 3121 1863 docu-

663 1905 842 1988 isset,
855 1904 901 1980 3)
957 1911 1162 1969 morte
1219 1904 1528 1971 multatus
1577 1911 1695 1971 est.
1789 1905 1974 1970 Illius
2039 1910 2256 1969 autem
2319 1904 2597 1969 numinis
2664 1902 2891 1988 divini,
2947 1904 3006 1968 h.
3062 1924 3118 1970 6.

661 2011 755 2076 rei
800 2012 1122 2096 publicae,
1173 2012 1494 2083 sacerdos
1542 2014 1609 2076 in
1659 2013 2060 2077 democratia
2116 2011 2341 2097 populi
2402 2012 2615 2077 contio
2664 2018 2763 2077 est
2808 2011 3119 2096 imprimis

665 2138 771 2201 ea,
847 2119 950 2183 cui
1025 2139 1142 2184 sex
1216 2120 1394 2185 milia
1465 2120 1699 2185 civium
1772 2121 2106 2186 intersunt.
2222 2119 2420 2184 Cuius
2497 2118 2815 2183 contionis
2891 2124 2992 2182 est
3055 2125 3121 2182 et

567 2270 582 2279 ι
663 2245 973 2290 summam
1047 2232 1436 2311 potestatem
1513 2247 1817 2292 exercere
1894 2234 1956 2292 et
2027 2226 2279 2309 videre,
2365 2247 2445 2291 ne
2524 2225 2680 2308 quid
2754 2225 3121 2289 detrimenti

667 2332 933 2416 capiant
999 2342 1111 2397 aut
1173 2334 1268 2399 rei
1331 2334 1632 2419 publicae
1698 2334 1955 2398 aeraria
2020 2339 2131 2397 aut
2195 2353 2444 2397 summa
2515 2332 2741 2417 populi
2802 2338 3118 2417 potestaS‚

666 2458 834 2520 quae
896 2439 1153 2522 integra
1211 2461 1359 2506 esse
1417 2447 1481 2505 et
1547 2447 1968 2506 sacrosancta
2033 2439 2306 2503 aliorum
2371 2440 2701 2503 numinum
2761 2437 3121 2502 divinorum

666 2545 874 2610 instar
937 2545 1039 2611 fas
1105 2548 1290 2629 est.4)
1380 2546 1609 2630 Itaque
1674 2566 1754 2611 ne
1823 2547 1991 2629 quis·
2023 2566 2076 2612 6.
2133 2566 2184 2610 6.
2241 2567 2282 2609 a
2348 2545 2613 2610 civitate
2677 2545 3121 2610 remissionem

670 2651 871 2717 debiti
925 2652 1030 2716 vel
1093 2653 1562 2718 restitutionem
1620 2654 1688 2717 in
1741 2653 2084 2739 pristinum
2150 2659 2388 2718 statum
2443 2659 2641 2737 petat,
2709 2659 2965 2716 cautum
3024 2657 3123 2716 est

669 2759 941 2843 legibus,
990 2780 1157 2843 quae
1185 2759 1416 2826 hostiis
1465 2760 1568 2826 dis
1615 2760 1892 2846 publicis
1940 2759 2290 2824 immolatis
2332 2766 2597 2825 sanctae
2628 2766 2829 2824 erant.
2905 2757 3122 2834 Quare

674 2874 1020 2949 antequam
1086 2867 1339 2932 debitor
1402 2867 1704 2948 aerarii5)
1765 2906 1846 2913 —-
1905 2874 1976 2931 ut
2038 2868 2106 2931 in
2168 2867 2292 2931 hoc
2358 2888 2483 2932 uno
2551 2866 2844 2951 exemplo
2907 2865 3123 2947 acqui-

670 2992 888 3038 escam
940 3012 1016 3020 -—
1067 2974 1515 3039 remissionem
1569 2980 1856 3058 rogaret,
1923 2994 2065 3039 cum
2111 2974 2310 3038 ramis
2367 2974 2553 3039 oleae
2611 2974 2763 3038 alba
2817 2972 2969 3036 lana
3024 2991 3122 3036 re-

666 3078 903 3143 vinctis
961 3082 1236 3165 supplex
1294 3080 1630 3146 considere
1685 3082 1751 3145 in
1800 3101 1916 3144 ara
1972 3081 2254 3163 aliquass)
2317 3080 2585 3164 solebat,
2658 3085 2726 3144 ut
2783 3079 2842 3144 ei
2901 3099 2942 3142 a
2984 3084 3122 3142 toto

669 3185 927 3270 popum,
975 3192 1089 3250 aut
1134 3189 1242 3270 qui
1290 3188 1430 3253 eius
1475 3188 1619 3252 vice
1666 3186 2114 3271 fungebantur,
2169 3187 2364 3251 venia
2408 3186 2768 3270 rogationis
2815 3184 3123 3250 ferendae

668 3385 835 3451 putat
871 3386 1172 3451 propterea,
1213 3384 1360 3451 quod
1397 3383 1514 3437 eius
1551 3383 1748 3438 veniae
1786 3382 2100 3451 exemplum
2140 3385 2292 3436 extet
2328 3381 2389 3434 in
2424 3381 2757 3450 populiscito
2793 3379 3124 3435 Patroclidis

669 3471 758 3535 (cf.
797 3471 1001 3526 Andoc.
1051 3472 1117 3526 de
1163 3475 1327 3541 myst.
1368 3474 1433 3526 77
1438 3474 1476 3538 )‚
1495 3490 1639 3526 anno
1677 3472 1783 3526 405
1821 3472 1994 3536 factm
2041 3471 2136 3525 sed
2179 3471 2239 3524 in
2285 3472 2390 3525 hoc
2433 3470 2807 3539 psephismate
2852 3469 2997 3522 nihil
3043 3468 3124 3521 di-

666 3558 812 3613 citur
850 3559 915 3614 de
953 3557 1123 3620 ἆδεὶας
1163 3561 1380 3615 dandae
1415 3561 1648 3624 ratione,
1687 3561 1746 3614 id
1785 3561 1933 3629 quod
1967 3560 2086 3628 ipse
2123 3560 2365 3614 Valeton
2400 3560 2651 3623 adnotat,
2689 3576 3030 3627 quamquam
3064 3557 3127 3612 id

667 3648 810 3702 mihi
856 3666 1074 3717 quoque
1120 3652 1369 3703 constare
1414 3649 1649 3714 videtur,
1688 3651 1835 3703 hanc
1871 3645 2042 3699 ἄδειαν
2079 3648 2178 3701 illo
2222 3649 2338 3701 iam
2383 3651 2629 3716 tempore
2678 3666 2712 3701 a
2759 3664 2853 3701 sex
2899 3646 3125 3700 milibus

666 3738 871 3793 civium
910 3738 1186 3792 decretam
1224 3754 1363 3802 esse;
1403 3738 1469 3791 de
1504 3738 1611 3791 hac
1646 3755 1704 3791 re
1741 3756 1793 3791 v.
1831 3738 1978 3792 infra
2013 3756 2067 3807 p.
2112 3737 2215 3790 124
2253 3736 2376 3790 adn.
2418 3737 2450 3790 8
2489 3754 2532 3788 s.
2570 3736 2606 3789 f.

856 3826 894 3893 ¹)
933 3827 1000 3882 cf.
1040 3826 1212 3881 etiam
1258 3826 1629 3903 Schoemann:
1683 3827 1807 3881 »Gn
1854 3827 2000 3881 Alt.‹<
2041 3827 2158 3880 145
2195 3843 2274 3893 sq.
2314 3826 2382 3879 95
2394 3847 2407 3889 ;
2455 3825 2650 3878 Busolt
2686 3825 2717 3890 ξ
2759 3825 2788 3877 1
2825 3841 2879 3892 p.
2917 3822 2968 3876 4.
3045 3823 3126 3876 De

669 3916 776 3970 hac
811 3933 869 3969 re
905 3916 1126 3970 uberius
1165 3915 1284 3984 egit
1322 3915 1574 3969 Oncken:
1619 3915 1878 3969 ›StaatsL
1919 3915 2192 3970 d.Arist.«
2235 3915 2289 3968 H
2325 3913 2358 3980 ἓ
2399 3915 2446 3967 1.

852 4003 893 4071 ²)
940 4005 1006 4059 cf.
1054 4005 1422 4059 Schoemann:
1485 4005 1608 4060 »Gn
1666 4005 1814 4058 Alt.‹<
1872 4005 1927 4058 ΙΙ
1978 4004 2078 4058 144
2117 4022 2222 4071 sq.;
2280 4003 2458 4057 Kock:
2513 4003 2585 4056 N.
2631 4001 2822 4056 Jahrb.
2870 4001 2907 4053 f.
2955 4001 3123 4054 klass.

668 4093 865 4148 Philol.
906 4094 1094 4163 Suppl.
1133 4094 1215 4147 III
1253 4113 1306 4162 p.
1345 4094 1431 4147 95.

850 4181 893 4248 ³)
933 4183 998 4237 cf.
1041 4184 1180 4237 Xen.
1218 4183 1382 4236 Mem.
1422 4183 1518 4245 12,
1539 4184 1588 4236 9.

853 4271 904 4336 ¹)
941 4289 992 4324 v.
1032 4289 1198 4340 supra
1235 4291 1286 4340 p.
1327 4272 1375 4325 3.

851 4358 899 4427 ⁵)
935 4379 988 4413 v.
1026 4378 1192 4429 supra
1227 4379 1280 4429 p.
1320 4361 1390 4413 24
1427 4378 1506 4427 sq.

851 4446 895 4514 ⁰)
931 4449 1088 4503 velut
1123 4448 1184 4502 in
1222 4449 1331 4502 aris
1367 4449 1565 4502 Matris
1602 4448 1841 4501 Deorum
1878 4449 1977 4501 aut
2013 4445 2443 4509 Misericordiae,
2493 4461 2635 4513 quae
2681 4445 2742 4497 in
2787 4444 2903 4497 foro
2951 4445 3127 4507 erant,

667 4543 768 4594 aut
803 4540 864 4592 in
902 4557 1000 4593 ara
1036 4538 1276 4606 quadam
1312 4537 1598 4592 Munichia
1638 4535 1738 4603 [sic
1774 4537 1906 4601 (non
1943 4533 2265 4604 Munychia)
2302 4551 2500 4588 nomen
2539 4533 2880 4588 scribendum
2923 4535 3021 4595 est,
3060 4534 3128 4585 ut

666 4630 1045 4683 demonstrant
1079 4627 1368 4691 tituli;cf.
1419 4643 1463 4681 e.
1514 4644 1557 4680 c.
1606 4621 2865 4691 OJA.11467‚21.468,13.47o‚16.471,;29]
2915 4621 2982 4675 (16
3018 4620 3127 4673 hac

663 4736 723 4772 re
765 4718 915 4771 infra
961 4735 1080 4786 cap.
1116 4716 1194 4769 IV
1231 4715 1499 4785 copiosius
1539 4733 1780 4784 agemus,
