3567 5392
1640 427 1673 485 7

438 617 812 685 mosthenes
857 616 1019 684 XXI
1067 621 1153 685 33
1201 617 1552 702 coniungit.
1569 620 1618 702 ¹)
1691 620 1875 687 Haec
1922 622 2128 695 ἀδείας
2172 621 2471 688 vocabuli
2515 621 2780 707 propria
2824 622 2893 687 in

427 726 568 793 iure
615 726 875 810 publico
921 726 1153 792 Attico>
1188 724 1580 809 significatio
1628 727 1808 809 est.²)
1936 711 1939 715 ⁴

609 834 669 899 A
716 833 1039 919 principio
1084 840 1304 900 autem
1347 833 1516 900 ἄδεια
1559 854 1691 900 non
1736 835 1904 901 inter
1949 835 2247 900 instituta
2293 835 2452 901 iuris
2480 836 2725 921 publici
2752 835 2890 921 fuit,

434 940 571 1019 sed,
624 940 791 1007 sicut
835 939 1189 1026 pleraeque
1235 941 1393 1007 iuris
1447 941 1691 1026 publici
1746 942 1997 1026 antiqui
2054 942 2521 1009 sollemnitates
2569 962 2651 1008 ex
2695 944 2889 1009 rebus

431 1046 671 1113 divinis
748 1053 928 1112 ortae
995 1054 1158 1132 sunt,
1223 1048 1318 1114 ita
1391 1047 1560 1114 ἄδεια
1632 1070 1714 1115 ex
1789 1069 1869 1114 ea
1943 1048 2335 1114 caerimonia
2411 1069 2618 1127 sacra,
2694 1069 2887 1133 quam

418 1149 749 1241 ἱκετηρίαν·
793 1153 1029 1221 Graeci
1092 1161 1346 1221 vocant.
1464 1155 1710 1223 Civitas
1774 1155 1968 1240 igitur
2028 1155 2420 1222 verecundia
2493 1176 2652 1239 erga
2726 1155 2886 1221 deos

425 1267 747 1327 commota
795 1261 1059 1328 deorum
1106 1261 1251 1328 loco
1299 1262 1581 1346 gratiam
1626 1263 1804 1329 facit.
1914 1262 2049 1329 Sed
2112 1262 2371 1346 quando
2436 1262 2605 1327 ἄδεια
2672 1283 2751 1328 ex
2814 1282 2887 1328 re

429 1387 644 1435 sacra·
670 1369 829 1435 iuris
876 1368 1121 1454 publici
1167 1369 1535 1450 institutum
1578 1369 1823 1436 factum
1870 1369 1973 1454 sit,
2025 1390 2154 1435 non
2214 1371 2375 1436 satis
2431 1370 2663 1454 liquet3
2721 1368 2886 1435 illud

431 1481 651 1541 tamen
698 1482 970 1561 constat,
1015 1475 1347 1561 perfectae
1396 1475 1652 1542 demum
1680 1475 2119 1543 democratiae
2148 1477 2559 1562 temporibus,
2587 1480 2888 1562 tortasse,

432 1586 505 1647 ut
551 1582 922 1650 coniectura
968 1591 1131 1669 utar,
1179 1584 1309 1649 iam
1356 1584 1566 1669 ipsius
1615 1584 1967 1651 Clisthenis
2015 1591 2250 1669 aetate,
2298 1592 2472 1651 certe
2500 1584 2771 1650 Periclis
2800 1621 2888 1631 ——

428 1689 571 1759 sive
616 1689 673 1756 is
721 1689 979 1775 publice
1016 1689 1222 1757 ἄδειαν
1268 1690 1550 1757 instituit
1595 1691 1734 1757 sive
1780 1691 1913 1756 iam
1958 1690 2207 1777 pridem
2254 1691 2615 1757 institutam
2661 1690 2888 1776 ampli-

433 1795 656 1862 ficavit
707 1833 777 1845 —
835 1796 996 1863 illud
1051 1796 1371 1883 paulatim
1427 1798 1743 1865 evenisse.
1851 1799 1936 1863 Et
1996 1798 2288 1884 primum,
2351 1798 2522 1882 quod
2587 1799 2888 1881 sciamuS,

434 1904 655 1987 quinto
705 1923 766 1968 a.
820 1903 964 1971 Chr.
1010 1925 1071 1970 n.
1128 1904 1392 1970 saeculo
1458 1904 1631 1972 ἄδεια
1692 1926 1733 1970 a
1796 1906 2036 1991 populo
2094 1905 2357 1972 decreta
2414 1903 2596 1991 est‚³)
2653 1904 2886 1989 quibus

429 2010 829 2096 temporibus
875 2031 1023 2077 raro
1071 2010 1142 2078 id
1187 2011 1430 2079 factum
1479 2031 1626 2079 esse
1672 2012 2025 2079 verisimile
2072 2019 2188 2098 est,
2233 2013 2338 2078 vel
2384 2013 2769 2098 accuratius,
2817 2016 2889 2077 ut

353 2187 355 2189 .
427 2101 793 2201 Valetoni4)
842 2117 1059 2187 verbis
1105 2125 1277 2185 utar:
1330 2119 1650 2202 „rogandi
1694 2119 1960 2186 licentia
1988 2119 2149 2202 (illis
2179 2119 2439 2204 quidem
2467 2119 2886 2204 temporibus)

430 2224 569 2309 peti
631 2231 866 2309 potest,
933 2224 987 2289 si
1053 2223 1178 2310 lex,
1244 2245 1412 2307 quae
1475 2225 1882 2309 rogationem
1944 2232 2150 2311 vetat,
2233 2226 2423 2292 simul
2506 2225 2694 2291 addit
2777 2245 2885 2291 ex-

418 2330 793 2417 ceptionem
838 2331 1087 2415 petitae
1123 2331 1651 2416 impunitatis.“⁵)
1701 2332 1980 2419 Saepius
2037 2341 2250 2401 autem
2305 2334 2614 2419 populum
2668 2331 2884 2398 demo-

431 2437 639 2503 cratia
686 2437 816 2502 iam
862 2437 1291 2504 immoderata
1338 2437 1515 2506 facta
1563 2459 1641 2505 ea
1687 2446 2017 2525 potestate
2061 2461 2247 2507 usum
2309 2460 2456 2506 esse
2512 2439 2757 2525 opinor,
2814 2437 2885 2503 id

430 2543 605 2629 quod
660 2564 804 2610 cum
861 2544 1066 2618 ἀδείας
1122 2552 1358 2612 natura
1410 2547 1691 2613 maxime
1749 2547 2063 2631 congruit.
2153 2548 2272 2615 Est
2327 2547 2494 2614 enim
2546 2545 2736 2611 huius
2790 2544 2885 2610 in-

428 2651 637 2718 stituti
682 2651 927 2736 publici
972 2659 1208 2719 natura
1257 2653 1591 2739 eiusmodi,
1637 2659 1709 2719 ut
1761 2654 2043 2739 populus
2099 2655 2201 2721 ius
2258 2653 2513 2739 gratiae
2573 2671 2883 2720 exercens

425 2758 690 2826 decreta
751 2759 1072 2824 contionis
1128 2759 1383 2844 legibus
1439 2760 1776 2847 superiora
1822 2781 1970 2827 esse
2018 2760 2240 2847 duca-t,
2287 2780 2673 2844 quamquam
2719 2759 2885 2825 haec

416 2864 527 2931 lex
574 2864 865 2932 valebat:
916 2854 1244 2955 ψήφισμα..
1270 2918 1285 2934 .
1334 2869 1519 2954 μηδὲν
1568 2868 1774 2956 (μήτε)
1824 2869 2045 2955 βουλῆς
2091 2875 2241 2957 μήτε
2297 2871 2485 2956 δήμου
2541 2874 2722 2954 νόμου
2775 2889 2886 2932 κυ-

428 2978 712 3059 ριώτερον
759 2971 1000 3059 εἷναι6);
1047 2973 1246 3058 idque
1295 2974 1535 3061 optimo
1581 2975 1737 3060 iure,
1784 2995 1963 3054 nam,
2021 2981 2094 3041 ut
2138 2975 2233 3041 ait
2277 2974 2507 3041 Busolt
2556 2971 2704 3062 [l.1.
2752 2977 2792 3055 ἓ
2838 2974 2880 3039 3

419 3099 484 3163 p.
506 3079 662 3162 5]⁷):
689 3079 794 3159 „in
815 3080 1040 3163 jedem
1065 3080 1486 3147 Rechtsstaat
1513 3082 1601 3149 ist
1630 3082 1746 3147 der
1764 3089 1951 3171 νόμος
1973 3081 2089 3148 der
2109 3082 2497 3166 cigentliche
2518 3080 2875 3148 Gebieter.“

440 3182 632 3262 Quod
677 3192 894 3253 tamen
942 3207 1133 3254 secus
1180 3188 1422 3254 accidit
1472 3188 1540 3254 in
1584 3189 2073 3257 Atheniensium
2118 3189 2475 3275 republica,
2523 3188 2579 3254 si
2628 3184 2892 3271 quando

420 3292 703 3377 populus
752 3312 805 3359 e.
851 3314 912 3377 g.
970 3293 1053 3361 de
1110 3294 1474 3361 debitorum
1526 3295 1848 3375 fiscalium
1900 3296 2278 3363 remissione
2333 3295 2602 3380 agendi,
2661 3282 2879 3378 quam-

423 3419 620 3483 quam
675 3400 859 3485 leges
914 3401 985 3467 id
1039 3398 1180 3470 fieri
1234 3404 1561 3490 vetabant,
1614 3409 1833 3470 tamen
1887 3403 2104 3491 venia·
2135 3422 2447 3471 concessa
2502 3401 2882 3468 facultatem

602 3576 644 3645 ι)
682 3578 748 3633 cf.
788 3579 1008 3634 Boeckh
1046 3580 1082 3634 1.
1121 3580 1158 3634 1.
1198 3581 1253 3634 II
1290 3582 1378 3636 40.
1414 3581 1811 3636 Demosthenes
1846 3581 1881 3635 l.
1920 3581 1956 3636 1.
2013 3581 2151 3637 haec
2194 3581 2302 3636 duo
2338 3580 2506 3635 verba
2543 3579 2716 3635 etiam
2753 3596 2882 3633 curn

411 3667 679 3722 vocabulo
732 3674 883 3739 τιμῆς
938 3669 1254 3739 coniungit;
1293 3670 1358 3726 cf.
1401 3670 1694 3726 Caillemer
1730 3670 1767 3726 l.
1807 3672 1843 3724 l.
1882 3671 1909 3723 Ι
1945 3671 2031 3726 67.

602 3754 650 3824 ²)
687 3759 859 3815 Recte
894 3757 1073 3829 igitur
1099 3762 1360 3815 naturam
1390 3757 1562 3821 ἀδείας
1590 3760 1808 3830 Βίρώιιε
1835 3760 2079 3830 explicat
2104 3758 2196 3828 (cf.
2226 3759 2398 3815 Meier
2424 3762 2482 3815 et
2509 3759 2882 3814 Schoemannt

423 3843 902 3902 ›Atu‘ProoessQ
956 3866 1008 3919 p.
1048 3848 1176 3917 991)
1212 3849 1300 3903 his
1349 3849 1554 3904 verbis:
1605 3850 2054 3905 »Riicksichtlich
2100 3850 2196 3904 der
2240 3849 2302 3903 in
2348 3848 2701 3904 offentlichen
2750 3846 2875 3901 Pro·

418 3950 606 3989 zessen
649 3937 994 4007 ver-hangten
1042 3937 1262 3993 Strafen
1309 3938 1473 3994 stand
1528 3940 1670 3994 auch
1725 3939 1786 3992 in
1832 3940 2020 3994 Athen
2074 3940 2197 3994 dem
2245 3935 2709 3994 Volkssouverain
2762 3936 2882 3989 das

415 4023 635 4079 Recht
672 4024 786 4080 der
811 4025 1312 4097 Begnadigung
1346 4045 1463 4082 aus

600 4129 649 4198 ⁸)
684 4150 738 4188 v.
777 4132 925 4187 infra
961 4151 1001 4188 s.
1039 4134 1095 4188 II
1132 4152 1175 4191 ο.

597 4237 644 4307 ⁴)
681 4257 734 4295 v.
771 4239 1035 4294 MnemOS.
1072 4241 1175 4296 XV
1212 4260 1265 4310 p.
1305 4241 1355 4295 2.

598 4343 647 4414 ⁸)
685 4347 768 4403 De
804 4347 1061 4403 sollemni
1097 4348 1300 4403 harum
1336 4349 1525 4419 legum
1561 4349 1799 4405 formula
1834 4349 1900 4406 cf.
1938 4351 2200 4405 Mnemos.
2238 4349 2277 4403 l.
2314 4348 2352 4402 l.
2389 4367 2443 4418 p.
2482 4349 2532 4402 3.

599 4450 647 4520 ⁸)
684 4453 891 4510 Andoc.
929 4453 999 4509 de
1033 4457 1199 4525 myst.
1238 4458 1269 4520 §
1308 4457 1402 4522 873
1431 4457 1588 4512 Dem.
1625 4457 1813 4511 XXIII
1849 4457 1944 4522 873
1980 4475 2037 4512 v.
2066 4457 2282 4512 Perrot:
2315 4453 2503 4510 »Essai
2530 4471 2622 4507 sur
2647 4452 2702 4506 le
2729 4449 2876 4505 droit

411 4542 604 4613 public
633 4543 685 4597 d'
707 4543 983 4599 Athenas«
1016 4544 1171 4600 Paris
1201 4545 1339 4601 1869
1367 4564 1422 4616 p.
1457 4548 1554 4601 147
1575 4547 1784 4613 et1783
1828 4546 2022 4602 Busolt
2055 4546 2093 4600 l.
2132 4547 2168 4599 1.
2207 4545 2239 4614 ξ
2284 4544 2382 4599 143
2419 4562 2474 4614 p.
2518 4543 2617 4598 129
2654 4540 2782 4595 adn.
2821 4540 2872 4593 4.

597 4647 645 4718 ⁷)
673 4652 742 4707 cf.
788 4651 922 4706 ibid.
971 4653 1001 4719 ξ
1046 4653 1117 4707 45
1165 4671 1218 4722 p.
1257 4654 1327 4708 42
1367 4654 1493 4709 adn.
1534 4655 1592 4720 63
1621 4655 1654 4722 ἓ
1693 4656 1797 4710 198
1833 4673 1886 4724 p.
1931 4654 2046 4709 1¹74.
2098 4683 2164 4693 —-
2212 4653 2281 4708 cf.
2322 4652 2564 4707 Valeton
2608 4649 2669 4704 in
2718 4649 2871 4704 Mne·

408 4756 643 4809 mosyne
680 4759 734 4798 n.
772 4759 813 4796 ε.
853 4741 956 4796 XV
992 4760 1046 4811 p.
1085 4742 1216 4808 3893
1255 4743 1322 4798 cf.
1358 4742 1492 4798 ibid.
1532 4761 1583 4814 p.
1625 4744 1710 4798 10.
