3567 5392
1444 491 1591 496 h„
1613 399 1735 495 (ἐξ-
1748 491 1816 496 ψ

426 594 604 662 nullo
631 593 830 659 verbo
860 592 1039 657 illam
1076 593 1291 676 legem
1330 593 1713 676 abrogatam
1745 613 1894 659 esse
1931 593 2281 659 memoriae
2310 592 2606 662 traditur.
2664 593 2885 660 Nihilo

428 707 645 765 tamen
694 701 908 767 secius
954 700 1186 783 legem,
1234 699 1290 764 si
1338 699 1597 783 quidem
1645 706 1875 782 quarto
1922 719 2050 764 non
2096 700 2226 765 iam
2272 707 2420 765 rata
2448 700 2568 765 fuit
2606 702 2888 785 saeculo,

428 808 814 890 abrogatam
875 827 1022 873 esse
1077 805 1609 873 verisimillimum
1669 813 1786 873 est.
1880 805 2286 889 Quamquam
2340 808 2570 873 Busolt
2624 807 2884 891 quidem

428 914 892 998 abrogationiS,
939 913 1050 979 ubi
1096 912 1178 978 de
1225 913 1401 997 ἀδείᾳ
1427 913 1717 997 rogatori
1753 910 2037 998 εἰσφορᾶς
2085 912 2505 978 concedenda
2551 915 2691 997 agit
2740 914 2801 997 [l.
2846 915 2889 981 1.
2999 922 3003 928 ’

432 1024 473 1102 ἓ
509 1023 633 1086 194
663 1041 724 1104 p.
760 1023 884 1087 175
932 1026 997 1086 et
1025 1023 1066 1101 ξ
1115 1021 1244 1086 222
1290 1041 1354 1105 p.
1390 1022 1534 1098 194,
1572 1017 1697 1108 10],
1743 1019 2135 1086 mentionem
2162 1020 2406 1084 nullam
2450 1020 2638 1102 facit3
2665 1041 2889 1088 verum

432 1127 685 1193 Gilbert
730 1127 784 1211 [I
813 1128 944 1193 345
991 1127 1143 1193 adn.
1175 1127 1240 1210 6]
1286 1126 1469 1191 illam
1524 1126 1724 1193 ἄδειαν
1779 1127 2251 1211 posterioribus
2307 1128 2703 1212 temporibus
2758 1148 2889 1194 non

431 1233 562 1298 iam
608 1234 898 1300 valuisse
944 1234 1203 1300 videtur
1250 1233 1644 1302 existimare.
1738 1236 1951 1317 Atque
1999 1254 2067 1298 re
2104 1253 2262 1298 vera
2307 1233 2430 1298 hoc
2468 1234 2711 1299 factum
2741 1254 2889 1301 esse

433 1348 499 1406 et
543 1341 1002 1406 Demosthenis
1050 1341 1314 1425 quidem
1361 1348 1577 1406 aetate
1623 1341 1913 1424 rogatori
1961 1361 2042 1406 ea
2098 1361 2226 1406 non
2282 1341 2412 1405 iam
2469 1361 2631 1426 opus
2686 1341 2890 1408 fuisse

430 1448 719 1511 nonnulli
741 1448 915 1532 apud
936 1448 1439 1514 Demosthenem
1459 1448 1586 1512 loci
1608 1447 2052 1513 demonstrare
2071 1447 2387 1532 videntur,
2418 1468 2499 1513 ex
2519 1449 2748 1531 quibus
2771 1449 2890 1515 hos

431 1552 668 1620 affero:
700 1555 880 1620 Dem.
908 1555 966 1618 lI
988 1557 1093 1633 27,
1127 1554 1232 1620 ubi
1263 1554 1423 1620 dicit
1451 1562 1699 1619 orator:
1732 1559 1887 1642 φημὶ
1911 1556 1985 1641 δὴ
2017 1558 2136 1619 δεῖν
2165 1553 2447 1643 εἰσφέρειν
2476 1561 2767 1642 χρήματα
2787 1555 2890 1639 [cf.

435 1661 588 1724 VIII
622 1662 747 1745 76],
780 1682 988 1744 neque
1018 1662 1368 1745 quidquam
1400 1661 1482 1727 de
1522 1661 1692 1746 ἀδείᾳ
1731 1660 1953 1726 danda
1990 1660 2204 1743 addit3
2244 1659 2481 1727 deinde
2518 1661 2694 1746 apud
2738 1683 2890 1728 eun-

433 1766 584 1833 dem
631 1776 953 1834 oratorem
999 1768 1139 1836 120
1183 1769 1488 1852 legimus:
1538 1769 1661 1834 ἔστι
1707 1770 1782 1855 δὴ
1822 1772 2050 1843 λοιπόν,
2090 1767 2273 1855 οἶμαι,
2310 1773 2537 1841 πάντας
2584 1766 2892 1857 εἰσφέρειν.

410 1873 687 1951 ‘Quodsi
746 1875 1216 1942 Demosthenes
1273 1877 1397 1941 hac
1445 1870 1789 1941 occasione
1835 1894 1964 1940 non
2009 1875 2415 1958 rogationem
2461 1875 2602 1959 fert,
2649 1874 2716 1939 id
2761 1895 2889 1942 non

434 1981 676 2047 factum
707 1990 808 2048 est
832 1990 1197 2069 propterea,
1231 1983 1405 2066 quod
1433 1983 1611 2049 ἄδεια
1639 1983 1696 2048 ei
1731 1982 1889 2047 data
1917 2002 2044 2046 non
2077 1989 2234 2066 erat,
2264 1981 2382 2047 sed
2402 1981 2574 2064 quod
2591 1982 2765 2048 aliae
2785 2004 2895 2049 res

433 2097 699 2173 praesto
749 2095 935 2155 erant
980 2091 1068 2155 ad
1114 2090 1353 2155 aerarii
1399 2090 1668 2155 lacunas
1717 2088 2096 2174 explendas.
2151 2089 2397 2172 Legem
2441 2089 2639 2172 igitur
2667 2089 2748 2155 de
2774 2089 2897 2155 illa

439 2194 615 2279 ἀδείᾳ
654 2196 874 2261 danda
903 2204 1035 2262 tum
1065 2198 1449 2280 abrogatam
1478 2197 1682 2263 fuisse
1712 2197 1971 2282 opinor3
2012 2195 2131 2263 sed
2167 2195 2321 2260 inde
2360 2216 2401 2260 a
2442 2215 2567 2278 quo
2604 2203 2895 2282 tempore

438 2301 614 2386 ἀδείᾳ
659 2304 949 2394 rogatori
1003 2324 1131 2370 non
1186 2304 1315 2368 iam
1367 2324 1530 2389 opus
1595 2288 1807 2387 fuerit,
1871 2301 2240 2368 accuratius
2296 2302 2570 2368 definire
2625 2323 2897 2386 nequeo.

437 2408 749 2476 Fortasse
796 2410 901 2476 lex
948 2410 1080 2475 iam
1134 2412 1454 2494 abrogata
1510 2419 1627 2495 est,
1675 2431 1820 2476 cum
1866 2408 2138 2498 εἰσφοραί
2185 2409 2572 2494 saepissime
2618 2410 2893 2495 impera-

425 2516 750 2600 'rentur;¹)
819 2516 944 2583 'sed
1018 2517 1073 2584 si
1148 2517 1294 2601 quis
1365 2516 1834 2602 posterioribus
1900 2516 2156 2582 demum
2218 2516 2631 2601 temporibus,
2692 2516 2895 2582 veluti

433 2622 790 2689 Nausinico
864 2624 1191 2709 archonte,
1264 2644 1433 2689 anno
1499 2622 1722 2711 378l7,
1795 2623 1864 2688 id
1938 2623 2178 2688 factum
2252 2643 2399 2689 esse
2477 2622 2899 2707 contenderit,

437 2730 521 2794 ab
569 2750 649 2795 eo
697 2748 824 2795 non
870 2730 1283 2797 dissentiam.
1381 2731 1548 2798 Nam
1605 2730 1717 2796 illo
1775 2750 1946 2795 anno
2004 2729 2392 2813 symmoriae
2449 2729 2537 2794 ad
2591 2729 2896 2794 tributum

438 2836 1022 2903 extraordinarium
1067 2837 1430 2922 cogendum
1473 2837 1813 2904 institutae
1861 2843 2029 2912 sunt,
2083 2856 2213 2919 qua
2270 2836 2616 2902 occasione
2671 2836 2895 2903 nescio

437 2963 523 3007 an
572 2942 900 3010 decretum
948 2945 1053 3023 sit,
1102 2952 1173 3011 ut
1217 2946 1458 3011 tributa
1504 2945 1697 3010 venia
1742 2964 1869 3009 non
1920 2944 2079 3017 data
2124 2963 2359 3027 rogare
2404 2943 2648 3009 liceret.
2702 2941 2894 3020 Quod

444 3049 500 3116 si
546 3057 794 3116 rectum
843 3059 960 3135 est,
1008 3072 1137 3135 qua
1184 3052 1267 3117 de
1315 3071 1514 3117 causa
1559 3051 1851 3135 rogatori
1898 3050 2072 3135 ἀδείᾳ
2097 3071 2245 3116 ‘non
2295 3051 2426 3116 iam
2474 3070 2638 3136 opus
2684 3048 2897 3134 fuerit,

441 3156 637 3224 facile
692 3158 1108 3242 intellegitur.
1201 3159 1360 3224 Cum
1419 3158 1587 3224 enim
1645 3178 1727 3223 ex
1792 3157 2191 3224 democratia
2257 3157 2655 3223 ochlocratia
2717 3157 2901 3222 facta

441 3259 636 3349 esset,
674 3265 742 3330 id
779 3265 1082 3331 tributum
1123 3266 1263 3332 sine
1299 3266 1524 3351 populi
1555 3265 1747 3331 venia
1783 3265 1967 3331 licuit
1992 3283 2245 3349 rogare,
2289 3263 2463 3347 quod
2489 3263 2677 3349 plebs
2723 3263 2899 3329 locu·

439 3371 785 3455 pletiorum
815 3372 1066 3457 civium,
1093 3373 1205 3456 qui
1235 3371 1520 3460 εἰσφορᾶς
1548 3391 1744 3438 onere
1770 3372 2051 3436 maxime
2077 3372 2550 3456 premebantur,
2580 3369 2897 3435 rationem

442 3478 685 3555 habere
739 3478 962 3544 noluit.
1075 3479 1373 3559 Accedit,
1442 3478 1616 3563 quod
1682 3498 1758 3544 eo
1824 3485 2114 3564 tempore
2177 3476 2446 3567 εἰσφορά,
2509 3496 2899 3560 quamquam

448 3585 786 3651 etiamtum
845 3607 951 3653 res
1007 3586 1523 3651 extraordinaria
1568 3586 1938 3671 putabatur,
1995 3585 2161 3651 inter
2218 3583 2549 3649 ordinaria
2604 3583 2901 3650 instituta

447 3875 580 3926 sunt
617 3871 867 3927 Hestiaei
903 3872 1093 3927 eodem
1132 3889 1293 3938 ann0,
1344 3889 1453 3940 quo
1499 3871 1717 3926 Chalcis
1764 3888 1801 3925 a
1845 3869 2054 3924 Pericle
2111 3870 2435 3938 expugnata
2489 3869 2590 3932 est,
2644 3866 2703 3919 id
2757 3866 2905 3934 quod

440 3979 588 4017 anno
616 3963 722 4016 445
751 3962 962 4017 factum
990 3965 1090 4017 est.
1145 3961 1391 4031 Scriptus
1418 3961 1597 4031 igitur
1623 3963 1707 4015 est
1733 3959 1936 4014 titulus
1963 3958 2152 4013 eodem
2181 3974 2326 4013 anno
2348 3957 2438 4012 vel
2466 3955 2633 4025 paulo
2661 3957 2801 4024 post.
2828 3983 2905 3992 —-

442 4052 530 4105 Ad
576 4051 824 4117 eandem,
863 4051 931 4106 de
966 4068 1080 4119 qua
1116 4067 1283 4119 supra
1327 4042 1643 4120 agebamus,
1691 4066 1809 4104 rem
1854 4049 1961 4102 duo
2007 4047 2109 4103 alii
2154 4046 2341 4116 quinti
2388 4044 2594 4100 saeculi
2630 4043 2804 4109 tituli,
2842 4043 2903 4096 in

444 4141 646 4209 quibus
696 4135 929 4209 εἰσφορᾶς
973 4139 1183 4195 mentio
1229 4141 1321 4206 fit,
1368 4139 1677 4209 pertinent:
1726 4138 1870 4193 CJA.
1909 4138 1936 4191 I
1957 4140 2025 4191 55
2063 4137 2169 4206 frg.
2208 4153 2265 4200 c;
2312 4132 2602 4188 Kirchhoff
2642 4133 2713 4186 ad
2749 4150 2828 4185 vs.
2866 4134 2902 4186 5

440 4230 642 4285 laudat
679 4229 849 4284 Thuc.
887 4228 966 4283 VI
983 4230 1035 4296 8,
1074 4229 1171 4284 ubi
1207 4228 1502 4283 memoriae
1537 4228 1779 4283 traditur
1817 4225 2180 4282 Athenienses
2214 4223 2451 4288 scivisse,
2500 4225 2565 4276 ut
2610 4221 2908 4291 sexaginta.

441 4337 613 4374 naves
667 4318 730 4372 in
775 4318 1025 4373 Siciliam
1068 4318 1452 4383 mitterentur3
1503 4317 1696 4386 itaque
1742 4315 2022 4387 pecunias,
2077 4331 2215 4383 quas
2261 4308 2466 4382 εἰσφορᾷ
2520 4311 2752 4365 collatas
2789 4327 2908 4364 esse

443 4409 648 4463 titulus
686 4407 859 4473 docet,
900 4407 972 4461 ad
1006 4425 1091 4461 res
1127 4407 1400 4462 militares
1436 4406 1718 4461 adhibitas
1756 4423 1872 4460 esse
1907 4403 2268 4459 manifestum
2296 4404 2395 4457 est.
2452 4399 2708 4469 Amplius
2743 4399 2904 4468 quid-

449 4516 619 4565 quam
657 4514 837 4565 neque
864 4514 931 4551 ex
954 4497 1058 4551 hoc
1087 4497 1257 4552 titulo
1293 4495 1551 4551 discimus
1586 4511 1766 4563 neque
1805 4511 1873 4549 ex
1909 4511 1988 4560 e0,
2028 4493 2124 4562 qui
2154 4492 2296 4547 CJA.
2326 4491 2406 4544 IV
2428 4492 2474 4555 1,
2501 4485 2648 4543 1162
2674 4488 2909 4559 legitur3

447 4588 517 4641 cf.
553 4605 634 4641 vs.
676 4588 746 4641 14
782 4596 839 4641 et
871 4589 958 4642 15.

631 4693 674 4761 ¹)
712 4693 780 4749 cf.
819 4693 987 4747 Arist.
1025 4693 1165 4761 Equ.
1202 4711 1254 4748 v.
1293 4692 1415 4747 924.
2549 4775 2583 4827 5
