3567 5392
1625 416 1671 486 5

415 617 600 684 velut
645 615 821 702 apud
866 616 1134 701 Lysiam
1178 614 1372 680 XXX
1417 617 1530 681 34:
1579 613 1910 688 ἐλπίζουσιν
1953 609 2109 701 ὑμᾶς
2154 611 2634 701 ἐξαπατήσαντες
2681 611 2889 678 ἄδειαν

413 721 514 797 εἷς
556 729 662 790 τὸν
708 726 911 789 λοιπὸν
958 730 1172 810 χρόνον
1218 726 1528 809 λήψεσθαι
1573 731 1679 786 τοῦ
1725 732 1909 786 ποιεῖν
1955 718 1989 786 ὅ
2035 743 2093 786 τι
2153 718 2229 786 ἂν
2287 723 2630 804 βοὺλωνται,
2685 721 2884 789 Isoor.

414 831 582 896 XIV
628 833 742 897 24:
799 828 1000 917 ἐπειδὴ
1049 831 1114 895 δὲ
1157 829 1481 915 νομίζωσιν
1526 824 1722 901 αυτοῖς
1767 827 1970 893 ἄδειαν
2014 829 2368 912 γεγενῆσθαι
2413 838 2591 894 ποιεῖν
2637 825 2671 892 ‘o'
2717 850 2770 893 τι
2814 825 2886 894 ἂν

414 941 819 1025 βουληθῶσιν,
876 937 1060 1002 Dem.
1112 935 1264 1001 LIV
1321 938 1433 1002 21:
1492 931 1625 1001 οὒδὲ
1677 934 1879 1000 ἄδειαν
1935 931 2224 1020 ὑπάρχειν
2279 933 2415 1019 παρ’
2466 930 2627 1022 ὃμῐν,
2685 930 2756 999 δι’
2813 935 2885 1020 ἢν

415 1042 665 1131 ὑβρίζειν
727 1043 1037 1124 ἐξέσται.1)
1140 1042 1389 1108 Veniae
1436 1042 1715 1125 denique
1759 1060 1975 1107 rerum
2018 1040 2517 1125 praeteritarum
2566 1041 2704 1107 sive
2751 1060 2884 1105 am-

416 1152 676 1217 nestiae
738 1151 1068 1216 notionem
1123 1150 1321 1216 habet
1364 1169 1493 1215 vox
1539 1148 1745 1221 ἀδείας
1792 1169 1847 1216 6.
1899 1167 1952 1213 6.
1998 1146 2175 1232 apud
2221 1147 2487 1232 Lysiam
2530 1148 2720 1213 XXV
2767 1149 2885 1227 283

416 1259 686 1344 Antiph.
731 1259 791 1325 V
841 1258 1004 1340 72²)

604 1365 741 1450 His,
790 1384 952 1448 quas
1000 1383 1196 1449 supra
1225 1362 1377 1446 dixi,
1406 1363 1776 1430 notionibus
1807 1362 2063 1428 tralatis
2102 1357 2535 1447 amplificatur
2571 1360 2885 1446 primaria

420 1477 493 1537 et
544 1472 943 1557 principalis,
1002 1490 1170 1555 quae
1216 1469 1303 1535 ad
1349 1471 1451 1536 ius
1498 1469 1829 1555 publicum
1872 1469 2168 1554 pertinet,
2181 1468 2227 1546 ³)
2278 1467 2749 1552 signifieati0‚⁴)
2800 1468 2885 1535 de

416 1600 556 1664 qua
602 1579 929 1664 copiosius
975 1597 1143 1643 nune
1189 1576 1515 1662 agendum
1564 1581 1680 1642 est.

603 1703 686 1768 Et
720 1704 1169 1769 Westermann
1206 1701 1468 1786 quidem
1510 1702 1600 1785 [in
1642 1700 1878 1786 Paulyi
1919 1699 2456 1784 „Real-Eneyel.“
2499 1699 2532 1762 I
2577 1702 2608 1766 1
2641 1720 2701 1784 p.
2736 1699 2886 1783 168]

416 1811 628 1877 ἄδειαν
683 1811 785 1878 his
830 1810 1048 1876 verbis
1096 1810 1413 1896 explieat:
1471 1808 1720 1885 ,ξἈδεια
1765 1808 1855 1875 ist
1910 1806 2017 1874 die
2061 1807 2429 1892 Befugniss‚
2475 1807 2723 1873 welche
2771 1806 2888 1872 der

416 1918 611 1985 Staat
656 1918 866 1984 einem
920 1915 1332 1982 Individuum
1385 1914 2254 1983 ausserordentlieherweise
2312 1934 2455 1979 zum
2508 1913 2727 1979 Behuf
2772 1913 2892 1979 der

416 2024 853 2108 'Vollziehung
935 2024 1114 2089 einer
1194 2023 1606 2089 bestimmten
1688 2022 2044 2106 Handlung
2126 2021 2366 2107 erteilt,
2451 2042 2531 2087 zu
2608 2020 2891 2087 weleher

414 2152 499 2197 *er
550 2151 637 2196 an
680 2130 813 2196 und
859 2130 960 2195 fur
1007 2129 1148 2195 sich
1191 2129 1369 2195 nieht
1412 2129 1778 2214 bereohtigt
1830 2129 1992 2213 ist;“
2050 2129 2289 2195 rectius
2345 2133 2563 2193 autem
2617 2126 2889 2194 Boeekh

418 2238 490 2323 [l.
527 2238 566 2304 l.
595 2237 659 2300 II
704 2237 812 2320 40]
861 2236 997 2302 his:
1051 2234 1296 2316 ,Ἄδεια
1340 2236 1428 2302 ist
1475 2235 1839 2303 Sioherheit
1882 2236 1972 2300 in·
1996 2234 2227 2320 irgend
2274 2235 2452 2302 einer
2494 2236 2679 2318 Lage
2727 2233 2891 2300 oder

424 2329 780 2427 Handlung
825 2362 1037 2427 gegen
1082 2343 1471 2427 Belangung
1517 2342 1676 2409 oder
1721 2341 2098 2426 Angriff.“⁵)
2194 2340 2329 2408 Sed
2373 2363 2457 2409 ne
2502 2340 2573 2406 id
2619 2339 2881 2426 quidem

412 2471 687 2537 ‘prorsus
743 2449 1043 2517 sufficere
1095 2450 1255 2515 mihi
1310 2449 1585 2519 videtur.
1697 2450 1952 2517 Nostris
2009 2448 2266 2516 demum
2320 2448 2720 2535 temporibus
2774 2448 2887 2513 ho-

420 2558 631 2625 mines
678 2556 870 2642 docti,
917 2562 987 2622 ut
1029 2557 1161 2621 vim
1206 2557 1415 2630 ἀδείας
1460 2557 1760 2623 subtilius
1809 2562 2222 2642 exponerent,
2252 2577 2520 2642 operam
2553 2554 2887 2639 dederunt,

415 2665 622 2732 ¹veluti
667 2665 985 2731 Thumser
1028 2665 1193 2730 haee
1248 2663 1414 2730 dixit
1467 2664 1529 2748 [l.
1586 2664 1629 2732 l.
1686 2685 1748 2749 p.
1813 2667 1892 2731 19
1950 2664 2095 2748 sq.]:
2160 2664 2554 2749 „Angustior
2599 2662 2883 2732 ...vocis

606 2842 650 2910 ¹)
687 2844 753 2898 ef.
782 2844 905 2913 Lys.
943 2828 1126 2896 XXIX
1178 2844 1256 2896 13.
1302 2843 1330 2896 Ι
1375 2843 1472 2907 48;
1528 2842 1792 2912 Hyperid.
1829 2843 1936 2912 frg.
1972 2844 2043 2897 44
2091 2841 2195 2910 (ed.
2245 2843 2439 2910 Blass);
2498 2843 2651 2896 Dem.
2698 2840 2887 2895 XXIII

428 2934 552 2998 159;
608 2932 680 2986 LI
727 2933 811 2987 15.
865 2933 952 2997 163
1011 2929 1217 3001 [Dem.]
1278 2931 1402 2985 LIX
1464 2931 1589 2995 1113
1646 2932 1801 2986 Dem.
1847 2931 2026 2984 XXIV
2075 2932 2207 2996 2053
2254 2930 2388 2985 XIII
2439 2932 2527 2997 173
2576 2931 2705 2986 XIX
2751 2931 2886 2994 2893

420 3022 580 3076 XXII
627 3022 722 3087 42;
771 3019 974 3089 [Dem]
1031 3020 1211 3075 LVIII
1267 3021 1328 3085 6;
1384 3021 1538 3075 Dem.
1586 3020 1767 3074 XXIV
1820 3020 1938 3075 102.
1991 3020 2106 3075 103.
2160 3020 2279 3074 106.
2333 3020 2464 3086 217;
2520 3021 2706 3077 XVIII
2751 3020 2883 3077 286:

416 3147 438 3160 ..
458 3146 472 3161 .
492 3102 579 3161 ,ὧν
616 3108 848 3180 ἐφρόνουν
883 3106 1134 3176 λαβόντας
1171 3104 1360 3170 ἄδειαν,
1397 3108 1625 3163 Latine:
1670 3108 2011 3164 »sententiae
2047 3126 2180 3164 suae
2205 3108 2602 3186 impunitatem
2630 3113 2871 3176 nactos,‹

416 3199 772 3256 Germanice:
815 3197 1425 3264 ›Godankenfreiheit‹,
1464 3215 1631 3267 quem
1680 3198 1865 3253 locum
1910 3198 2114 3255 Reiske
2166 3197 2227 3253 in
2280 3198 2556 3254 indicibus
2610 3199 2684 3254 ad
2736 3202 2876 3255 orat.

416 3288 546 3344 Att.
581 3288 669 3343 ita
703 3287 969 3358 explicat:
1008 3284 1232 3347 ἐξουσίαν
1266 3291 1355 3337 τοῦ
1384 3291 1543 3337 ταῦτα
1580 3284 1742 3348 ἀδεῶς
1780 3292 2081 3357 φανερῶσαι.

608 3394 649 3459 ²)
688 3394 1031 3450 Herodianus
1069 3394 1158 3460 (of.
1190 3395 1240 3449 V
1267 3394 1319 3460 4,
1364 3394 1450 3463 10)
1487 3411 1888 3463 nonnunquam
1924 3392 2093 3446 ἄδειαν
2131 3398 2189 3451 et
2227 3392 2506 3466 ἀμνηστίαν
2542 3396 2792 3465 copulat3
2831 3414 2884 3450 v.

416 3486 490 3540 H.
515 3484 706 3555 Steph.
736 3502 778 3539 s.
806 3502 858 3539 v.
888 3480 1047 3534 ἄδεια.
1072 3512 1135 3522 -
1159 3483 1430 3539 Thumser
1458 3502 1584 3539 eum
1609 3485 1650 3539 l.
1687 3485 1724 3538 1.
1762 3503 1820 3554 p.
1859 3485 1923 3539 21
1964 3484 2126 3540 dicit:
2171 3484 2411 3540 »Deinde
2448 3485 2557 3540 huo
2593 3485 2766 3539 etiam
2792 3501 2885 3539 eos

416 3575 566 3630 locos
592 3572 902 3629 referendos
938 3590 1054 3628 esse
1090 3573 1362 3638 existimo,
1402 3573 1602 3641 quibus
1629 3591 1807 3629 noxae
1826 3574 2094 3629 sociorum
2121 3574 2349 3629 nomina
2378 3573 2593 3642 aliquos
2622 3573 2886 3629 detulisse

412 3662 718 3719 memoriae
745 3662 1045 3733 proditura:
1085 3663 1354 3717 tralatam
1390 3661 1672 3718 notionem
1700 3663 1770 3718 ab
1797 3680 1879 3728 66,
1908 3680 2052 3731 qnae
2080 3663 2194 3717 ad
2177 3680 2264 3717 ms
2299 3664 2585 3733 publicum
2620 3662 2884 3733 pertinet,

414 3770 534 3807 non
569 3752 847 3808 discernit.

607 3839 650 3909 ⁸)
686 3842 753 3895 In
806 3841 1004 3911 lingua.
1050 3858 1206 3896 saera
1252 3839 1482 3896 dieitur.
1529 3838 1558 3891 ὀ
1603 3839 1724 3902 θεὸς
1768 3837 1955 3911 λήθην
2007 3837 2200 3892 δίδωσιν
2256 3840 2349 3909 (cf.
2406 3840 2579 3911 [Lys.]
2637 3840 2717 3895 VI
2772 3841 2884 3906 27),

416 3929 570 3986 sieut
604 3929 665 3984 in
700 3930 820 3985 iure
855 3930 1100 4000 publico:
1139 3927 1167 3981 ὁ
1204 3927 1367 4001 δῆμος
1396 3927 1569 3982 ἄδειαν
1607 3926 1802 3981 δίδωσιν
1838 3931 1929 3985 vel
1966 3927 2250 4001 ψηφίζεται.

608 4017 653 4087 ⁴)
690 4019 836 4073 Huic
870 4036 937 4073 ea
972 4036 1192 4088 quoque
1228 4019 1416 4075 subest
1461 4019 1642 4085 noti0‚
1689 4037 1861 4087 quam
1907 4019 2178 4074 Thumser
2212 4020 2249 4074 1.
2286 4020 2325 4072 1.
2362 4038 2418 4090 p.
2454 4019 2522 4074 21
2560 4022 2679 4074 not.
2717 4019 2751 4072 2
2787 4036 2881 4074 vo·

414 4108 619 4163 cabulo
655 4107 973 4162 sanctitatis
1011 4105 1340 4177 (ἀσφαλείας)
1368 4107 1627 4179 explicat.
1680 4107 1974 4178 Significat
2002 4107 2152 4163 enim
2179 4104 2322 4159 ἄδεια
2351 4106 2437 4177 [cf.
2467 4109 2620 4163 Dem.
2650 4108 2703 4163 V
2742 4109 2790 4164 6.
2821 4109 2881 4173 8;

416 4198 554 4264 (hue
588 4199 780 4252 autem
816 4197 970 4251 Dem.
1008 4197 1189 4252 XXIV
1226 4198 1311 4264 31,
1351 4215 1516 4265 quem
1553 4197 1736 4252 locum
1772 4198 2045 4251 Thumser
2081 4215 2206 4251 eum
2243 4197 2359 4251 illis
2407 4197 2723 4268 coniungit,
2770 4216 2884 4253 non

418 4283 714 4357 pertinet)]
760 4284 910 4340 idem
955 4285 1103 4354 quod
1148 4286 1297 4357 apud
1331 4287 1608 4341 Romanos
1651 4286 1813 4341 »fides
1852 4286 2105 4357 publiea«
2137 4285 2175 4340 i.
2207 4303 2252 4341 e.
2283 4286 2547 4342 securitas
2574 4286 2883 4358 peregrinis

413 4375 570 4440 data,
608 4392 679 4429 ne
715 4374 1102 4445 comprehendi
1136 4375 1364 4445 possint,
1403 4375 1493 4431 vel
1530 4374 1696 4430 venia
1732 4375 2092 4431 commeandi.

603 4463 648 4532 ⁶)
685 4463 957 4519 Similiter
992 4463 1287 4520 Caillemer
1321 4464 1384 4518 in
1424 4464 1601 4520 »Dies
1639 4464 1734 4519 des
1770 4465 2020 4533 antiqu.
2062 4463 2169 4530 (ed.
2208 4465 2548 4535 Daremberg
2581 4467 2642 4520 et
2668 4464 2882 4534 Saglio)

416 4554 448 4608 1
484 4553 572 4619 66,
609 4553 708 4622 qui
743 4570 856 4619 non
889 4551 1079 4622 inepte
1114 4548 1286 4605 ἄδειαν
1322 4554 1406 4609 ita
1441 4552 1714 4623 explicat:
1758 4553 2044 4623 »dispenso
2080 4571 2153 4609 ου
2189 4553 2508 4624 exemption
2552 4553 2621 4609 de
2666 4554 2726 4610 16
2770 4572 2881 4610 res·

416 4642 755 4713 pensabilite
789 4658 898 4711 qne
933 4642 1165 4712 pouvait
1200 4645 1483 4698 entrainer
1516 4660 1596 4697 un
1631 4642 1847 4698 certain
1884 4645 2032 4698 aete:
2072 4642 2178 4698 elle
2213 4638 2404 4711 (ἄδεια)
2441 4642 2583 4698 etait
2620 4643 2878 4700 aooordee

413 4733 458 4786 a
493 4732 735 4787 Athenes
773 4749 876 4801 par
909 4731 1249 4787 l'assemblee
1285 4732 1359 4786 du
1396 4731 1646 4802 peuple.‹
