3567 5392
1927 413 2009 477 12

1749 503 2177 510 —-—-.——-..—.--.-

916 605 1101 683 Quae
1166 626 1312 673 cum
1373 605 1468 670 ita
1531 604 1678 690 sint,
1736 643 1826 654 —
1883 625 2120 673 causas
2185 611 2401 670 autem
2463 603 2633 669 infra
2697 603 3041 670 afferemus
3111 641 3187 652 —-

728 712 1094 778 mirandum
1160 719 1289 797 est,
1363 711 1536 795 quod
1606 712 1984 798 psephisma
2060 732 2176 779 sex
2249 711 2494 776 milium
2560 711 2795 776 civium
2860 710 3190 794 suffragiis

731 819 1010 886 occultis
1064 819 1384 905 perlatum
1437 818 1819 903 impunitate
1874 817 2150 903 rogandi
2214 817 2480 883 totidem
2538 816 2869 901 suffragiis
2925 816 3190 883 decreta

720 926 1017 1012 'simplici
1079 925 1470 1012 populiscito
1532 925 1837 1009 abrogari
1909 926 2134 1011 potuit.
2252 924 2539 1009 Populus
2613 924 2863 991 scilicet
2943 945 3188 991 summa

733 1038 1061 1119 potestate
1116 1053 1271 1099 usus
1326 1032 1393 1097 in
1452 1031 1829 1117 populisciti
1882 1029 2269 1098 incommodi
2323 1051 2402 1096 ac
2460 1030 2720 1097 molesti
2776 1030 2986 1096 locum
3043 1031 3187 1098 sub·

730 1141 1016 1225 rogabat
1077 1140 1378 1223 alterum,
1444 1138 1618 1222 quod
1682 1139 2089 1224 temporariis
2154 1137 2595 1205 voluntatibus
2672 1138 2898 1224 populi
2969 1138 3188 1223 aptius

733 1249 990 1326 esset.¹)
1090 1247 1178 1313 Ut
1240 1252 1456 1312 autem
1519 1265 1722 1312 causa
1782 1246 1973 1312 huius
2035 1246 2238 1319 ἀδείας
2304 1243 2563 1310 dandae
2616 1245 2908 1330 intellegi
2961 1245 3187 1331 possit,

734 1354 1048 1421 nonnulla
1111 1353 1194 1420 de
1257 1352 1620 1419 ostracismi
1674 1353 1937 1419 notione
1993 1351 2390 1419 disseramus
2443 1372 2714 1419 necesse
2760 1359 2879 1421 est.
2975 1352 3188 1436 Atque

732 1462 892 1528 olim
937 1460 1197 1545 quidem
1241 1459 1535 1527 homines
1583 1459 1758 1526 docti
1804 1459 2333 1526 existimaverunt
2378 1458 2769 1525 Clisthenem
2781 1458 2833 1545 ²)
2878 1465 3190 1525 testarum

733 1568 1054 1652 suffragia
1106 1566 1493 1651 instituisse,
1550 1572 1620 1631 ut
1674 1566 2075 1652 prohiberet,
2131 1567 2469 1649 quominus
2526 1567 2691 1632 sicut
2748 1566 3188 1652 superioribus

731 1675 1134 1760 temporibus
1196 1673 1338 1756 viri,
1402 1674 1513 1756 qui
1567 1673 1672 1740 vel
1731 1673 1964 1758 opibus
2017 1672 2122 1739 vel
2178 1673 2565 1740 auctoritate
2618 1674 2723 1739 vel
2777 1674 3014 1739 virtute
3072 1673 3187 1737 im-

733 1783 962 1869 primis
1008 1779 1204 1846 laude
1249 1779 1486 1846 bellica
1532 1780 1822 1864 insignes
1868 1780 1936 1845 in
1974 1780 2235 1847 civitate
2267 1787 2486 1847 essent
2512 1780 2864 1865 populique
2900 1779 3187 1847 libertati

733 1889 1000 1955 officere
1044 1887 1442 1971 viderentur,
1488 1906 1622 1952 rem
1667 1886 1995 1972 publicam
2039 1887 2107 1952 in
2150 1887 2507 1973 periculum
2552 1886 3027 1971 discrimenque
3073 1886 3187 1951 ad-

732 1995 1064 2081 ducerent.
1079 1994 1129 2078 3)
1203 1992 1494 2070 Quocum
1539 1994 1904 2060 ostracismi
1936 1995 2206 2061 consilio
2254 1994 2341 2080 id,
2373 1994 2548 2079 quod
2576 2001 2875 2063 auctores
2906 1994 3187 2079 tradunt,

734 2102 1049 2187 congruit,
1095 2100 1542 2168 ostracismum
1589 2100 1773 2166 initio
1829 2101 1897 2166 in
1952 2101 2166 2168 socios
2212 2101 2770 2168 Pisistratidarum
2824 2101 3188 2168 adhibitum

733 2230 911 2294 esse,
967 2210 1034 2273 in
1090 2228 1358 2291 quorum
1414 2227 1676 2273 numero
1731 2207 2146 2294 Hipparchus
2202 2214 2359 2293 erat,
2418 2208 2527 2292 qui
2582 2209 2828 2294 primus
2874 2215 3187 2275 testarum

730 2316 1067 2399 suffragiis
1115 2314 1197 2381 de
1243 2315 1508 2381 civitate
1555 2315 2020 2383 exterminatus
2067 2315 2250 2402 est.⁴)
2324 2318 2509 2382 Hanc
2553 2323 2770 2382 autem
2798 2317 3185 2383 sententiam

733 2424 829 2488 ita
883 2422 1291 2508 impugnavit
1342 2421 1709 2506 Lugebi15),
1769 2430 1842 2488 ut
1898 2430 2247 2509 exponeret
2301 2423 2682 2489 ostracismo
2741 2424 2981 2490 abusos
3037 2443 3183 2489 esse

727 2530 1059 2616 principes
1107 2529 1455 2595 factionum
1502 2528 1589 2594 ad
1637 2549 1756 2595 sua
1776 2527 1784 2533 ’
1805 2530 2076 2596 consilia
2114 2530 2511 2616 exequenda,
2540 2531 2649 2615 qui
2675 2530 2984 2617 populum
3014 2550 3184 2596 com-

726 2642 1079 2722 moverent,
1125 2642 1194 2701 ut
1238 2635 1526 2721 ipsorum
1570 2642 1792 2722 partes
1841 2643 2239 2723 sequeretur,
2294 2638 2516 2721 itaque
2569 2658 2703 2703 rem
2757 2637 3086 2723 publicam
3142 2657 3183 2702 a

726 2744 1049 2811 seditione
1114 2742 1290 2809 civili
1353 2742 1773 2831 tuerentunss)
1841 2743 2016 2828 quod
2070 2743 2158 2810 ad
2214 2765 2294 2811 ea
2349 2744 2636 2829 quidem,
2684 2764 2854 2827 quae
2899 2743 3052 2810 inde
3098 2745 3182 2809 ab

727 2851 988 2918 ineunte
1044 2850 1304 2917 saeculo
1370 2850 1592 2934 quinto
1650 2849 1827 2917 facta
1891 2858 2064 2936 sunt,
2129 2851 2452 2935 quadrare
2517 2850 3002 2919 concedendum
3066 2857 3183 2917 est.

731 2957 930 3043 Apud
957 2957 1375 3023 Plutarchum
1422 2958 1858 3043 compluribus
1884 2958 2064 3043 lociS,
2084 2959 2315 3042 quibus
2346 2958 2428 3025 de
2462 2959 2840 3025 ostracismo
2883 2959 3115 3043 agitur,
3129 2958 3179 3040 ⁷)

727 3064 1029 3132 diversae
1093 3064 1431 3150 opiniones
1499 3068 1590 3147 (et
1652 3065 1954 3149 Lugebili
2023 3071 2088 3133 et
2150 3066 2453 3150 aliorum)
2518 3067 2707 3151 quasi
2782 3066 2848 3131 in
2915 3066 3178 3152 speculo

913 3190 954 3257 ¹)
991 3190 1184 3246 Simile
1230 3189 1447 3258 aliquid
1490 3190 1551 3244 in
1596 3191 1837 3245 secunda
1882 3192 2178 3247 Andocidis
2224 3192 2473 3247 oratione
2519 3192 2594 3260 (π.
2632 3210 2673 3243 τ.
2713 3191 2894 3243 ἑαυτοῦ
2932 3189 3181 3257 καθόδου)

724 3279 981 3350 legimus,
1030 3297 1144 3348 qua
1189 3279 1496 3334 Andocides
1547 3297 1581 3334 a
1628 3281 1834 3350 populo
1893 3281 2193 3350 impetrare
2246 3281 2433 3337 studet
2446 3322 2459 3346 ,
2515 3285 2579 3337 ut
2628 3278 2773 3332 ἄδεια
2817 3281 3030 3352 pridem
3075 3281 3181 3336 sibi

722 3370 948 3425 decreta
991 3369 1320 3424 restituatur
1373 3369 1425 3436 (ἓ
1463 3370 1534 3424 23
1580 3372 1638 3424 et
1684 3369 1791 3439 27).
1867 3371 2073 3425 Eodem
2117 3372 2379 3441 pertinet,
2425 3371 2573 3440 quod
2617 3371 2907 3427 civitatem
2952 3388 3050 3441 per
3086 3389 3183 3425 sex

721 3459 885 3513 milia
927 3458 1133 3513 civium
1178 3458 1453 3513 decretam
1489 3464 1662 3528 γραφῇ
1706 3458 2010 3529 παρανόμων
2057 3460 2321 3530 abrogare
2366 3460 2544 3515 licuit.
2616 3479 2667 3515 v.
2717 3461 3021 3515 Hofmann:
3084 3460 3182 3515 »de

722 3547 949 3602 iurandi
986 3565 1073 3617 ap.
1102 3548 1234 3602 Ath.
1263 3547 1545 3603 formulis«
1586 3566 1638 3618 p.
1673 3550 1763 3614 11;
1803 3548 2119 3604 Caillemer:
2162 3550 2250 3604 »la
2278 3549 2711 3605 naturalisation
2744 3553 2781 3604 a
2818 3550 2983 3604 Ath.«
3024 3549 3181 3604 Paris

728 3637 868 3691 1880
914 3655 967 3706 p.
1012 3638 1101 3702 14;
1155 3655 1207 3691 v,
1258 3637 1405 3691 infra
1448 3637 1510 3691 in
1545 3637 1687 3692 libro
1723 3638 1917 3693 altero.
1990 3638 2055 3692 In
2091 3639 2179 3692 his
2215 3639 2376 3693 rebus
2412 3639 2631 3705 accidit,
2681 3639 2739 3693 id
2785 3639 2934 3707 quod
2969 3639 3178 3693 Aristo·

721 3726 862 3782 teles
898 3726 1035 3794 (Pol.
1059 3726 1139 3781 IV
1166 3727 1200 3780 4
1236 3745 1290 3796 p.
1327 3727 1532 3794 12920.)
1571 3726 1732 3782 dicit:
1770 3724 1937 3797 κόριον
1965 3724 2010 3778 δ’
2038 3720 2163 3779 εἶναι
2189 3727 2245 3778 τὸ
2273 3725 2481 3799 πλῆθος
2508 3727 2596 3778 καὶ
2624 3727 2703 3799 μὴ
2730 3726 2812 3778 τὸν
2844 3725 3008 3797 νόμον.

909 3813 953 3884 ²)
991 3815 1059 3871 cf.
1099 3814 1292 3870 Busolt
1328 3815 1363 3870 1.
1403 3816 1439 3869 l.
1478 3817 1509 3878 ἓ
1546 3817 1640 3869 135
1678 3834 1732 3886 p.
1769 3817 1866 3870 121
1908 3815 2123 3884 (contra
2155 3835 2208 3870 v,
2238 3817 2491 3873 Oncken:
2535 3817 2939 3872 ›Staatslehre‹
2972 3817 3027 3871 II
3057 3815 3177 3882 458,

719 3904 878 3960 cuius
915 3903 1197 3958 sententia
1231 3921 1343 3958 non
1378 3907 1529 3959 rectu.
1565 3906 1696 3971 est);
1737 3905 2003 3960 Valeton:
2042 3907 2398 3976 Mnemosyne
2435 3907 2473 3961 1.
2513 3908 2548 3961 l.
2587 3925 2641 3976 p.
2688 3908 2786 3961 129
2798 3925 2918 3975 sqq.

906 3992 949 4060 ³)
986 3993 1181 4048 Meier:
1226 3993 1324 4048 »de
1358 3994 1485 4048 bon.
1524 3994 1806 4049 damnat«
1846 4014 1899 4065 p.
1939 3996 2025 4050 98.

906 4081 955 4151 ⁴)
993 4083 1059 4137 cf.
1098 4082 1472 4138 Schoemann:
1525 4083 1625 4139 »de
1661 4101 1798 4139 com.
1838 4084 2002 4139 Ath.«
2052 4103 2105 4155 p.
2145 4086 2342 4155 246sq.
2386 4089 2444 4140 et
2482 4086 2607 4140 adn.
2654 4087 2734 4141 13.
2778 4086 2866 4151 14;
2920 4086 3174 4141 Oncken:

726 4172 1019 4228 »Staatsls
1058 4172 1114 4226 ΙΙ
1149 4173 1371 4241 459sq.;
1410 4172 1651 4228 Gilbert:
1696 4174 2054 4230 »Staatsalt.‹
2096 4176 2122 4229 I
2162 4176 2353 4244 144sq.
2367 4198 2380 4241 3
2419 4176 2613 4231 Busolt
2651 4176 2685 4229 l.
2717 4176 2751 4230 l.
2792 4179 2823 4239 ἓ
2860 4175 2958 4229 135
2994 4194 3048 4246 p.
3074 4175 3172 4229 121

719 4262 850 4317 adn.
889 4263 948 4327 93
995 4262 1258 4317 MnemoS.
1297 4262 1334 4318 l.
1371 4263 1407 4316 1.
1447 4281 1502 4332 p.
1543 4264 1644 4317 130
1683 4263 1811 4319 adn.
1851 4265 1902 4317 2.

903 4349 948 4418 ⁶)
985 4350 1054 4405 cf.
1099 4351 1288 4407 Jahrb.
1336 4351 1373 4406 f.
1421 4353 1586 4408 klass.
1639 4352 1780 4408 Phil.
1835 4353 2024 4423 Suppl.
2075 4353 2155 4408 IV
2209 4352 2399 4422 (1861)
2444 4372 2498 4423 p.
2551 4354 2857 4420 124—136;
2923 4354 3175 4409 Oncken:

721 4441 943 4499 »Athen
980 4441 1094 4495 und
1128 4442 1351 4497 Hellas«
1391 4442 1560 4512 (Lips.
1605 4442 1760 4511 1865)
1799 4444 1825 4497 I
1866 4444 1983 4498 119.

902 4529 952 4599 ⁶)
989 4531 1058 4586 cf.
1097 4531 1347 4587 Oncken:
1391 4532 1683 4589 ›Staatsh‹
1722 4533 1777 4587 H
1816 4533 1939 4588 461.

908 4618 950 4689 ⁷)
987 4621 1055 4676 cf.
1083 4621 1233 4675 Plut.
1263 4621 1529 4677 Themist.
1557 4622 1740 4688 XXH3
1777 4622 2007 4678 Aristid.
2036 4624 2079 4680 I.
2099 4623 2231 4688 V11;
2268 4623 2407 4677 Poll.
2426 4624 2561 4678 VIII
2591 4625 2683 4689 20;
2722 4643 2774 4679 v.
2804 4624 3172 4680 Schoemann:

724 4710 825 4765 »de
862 4728 996 4765 com.
1038 4711 1202 4765 Ath.«
1242 4729 1296 4780 p.
1335 4711 1439 4764 243
1477 4714 1590 4766 not.
1630 4712 1680 4766 2.
1754 4711 1962 4766 Contra
1997 4712 2065 4767 cf.
2101 4712 2249 4767 Plut.
2289 4712 2482 4767 Pericl.
2511 4713 2656 4768 XIV.
