3567 5392
1875 408 1963 472 90

1632 601 1646 623 ζ

689 607 1015 689 leguntur:
1090 603 1258 693 ὑμεῖς
1331 610 1434 689 τὴν
1501 602 1839 688 παρρησίαν
1904 602 2002 666 ἐπὶ
2076 606 2177 688 μὲν
2247 612 2361 665 τῶν
2434 598 2639 663 ἄλλων
2714 593 2868 661 οὔτω
2941 599 3154 680 κοινὴν

688 714 892 779 οἴεσθε
937 714 1058 778 δεῖν
1116 711 1258 776 εἶναι
1302 723 1445 776 πᾶσι
1489 722 1615 782 τοῖς
1658 711 1719 775 ἐν
1767 722 1844 795 τῇ
1893 710 2080 783 πόλει,
2127 705 2280 772 ὥστε
2325 711 2430 770 καὶ
2475 717 2600 778 τοῖς
2647 705 2833 777 ξένοις
2876 707 2980 768 καὶ
3027 713 3157 774 τοῖς

689 822 923 892 δοὺλοις
981 817 1166 905 αὐτῆς
1213 820 1692 906 μεταδεδώκατε,
1740 820 1847 881 καὶ
1892 817 2152 886 πολλοὺς
2187 814 2258 880 ἄν
2299 837 2384 886 τις
2420 811 2658 885 οἰκέτας
2689 811 2807 877 ἰ’δοι
2844 811 2982 895 παρ’
3012 807 3153 896 ὑμῖν

689 930 845 1013 μετὰ
898 929 1171 997 πλείονος
1225 925 1497 998 ἐξουσίας
1552 923 1584 988 ὅ
1631 947 1685 988 τι
1742 925 2050 1006 βούλονται
2105 924 2387 1002 λέγοντας
2445 919 2484 1007 ἢ
2539 922 2791 991 πολίτας
2844 919 2909 984 ἐν
2966 918 3155 988 ἐνίαις

685 1045 802 1097 τῶν
849 1032 1053 1098 ἄλλων
1102 1034 1351 1105 πόλεων,
1402 1030 1680 1113 denique
1743 1027 2353 1096 Ps.-Demosthenes
2419 1027 2501 1093 de
2571 1026 2729 1093 solis
2785 1024 3151 1110 peregrinis

689 1140 850 1205 haec
896 1139 1054 1203 dicit
1111 1138 1339 1221 [LVIII
1366 1137 1501 1220 68]:
1546 1190 1560 1204 .
1591 1190 1605 1204 .
1636 1135 1856 1203 ὥσθ’.
1887 1189 1902 1203 .
1932 1188 1946 1204 .
1989 1136 2126 1223 μηδ’
2185 1135 2399 1200 ἐλπίδα
2454 1132 2592 1220 ἡμῖν
2650 1131 2796 1198 εἶναι
2853 1132 3148 1219 μηδεμίαν

686 1257 787 1311 τοῦ
820 1258 1139 1333 μετασχεῖν
1176 1259 1287 1332 τῆς
1324 1250 1430 1309 καὶ
1467 1257 1591 1317 τοῖς
1639 1245 1822 1317 ξένοις
1868 1246 2193 1330 δεδομένης
2238 1240 2592 1328 παῤῥησίας.
2671 1240 2843 1304 Sane
2891 1237 3150 1320 quidem

688 1352 1270 1437 Ps.—Xenophontis
1317 1351 1423 1435 [de
1460 1372 1593 1436 rep.
1631 1352 1775 1416 Ath.
1813 1351 1845 1416 I
1880 1348 1980 1437 12]
2013 1351 2241 1415 verba:
2282 1346 2594 1434 ἰσηγορίαν
2621 1351 2725 1412 καὶ
2761 1356 2886 1418 τοῖς
2919 1347 3151 1418 δοὺλοις

688 1464 834 1544 πρὸς
872 1462 1008 1532 τοὺς
1042 1461 1397 1544 ἐλευθέρους
1434 1459 1792 1546 ἐποιήσαμεν
1830 1464 1935 1522 καὶ
1961 1469 2081 1530 τοῖς
2129 1458 2422 1544 μετοίκοις
2468 1459 2617 1540 πρὸς
2664 1456 2805 1525 τοὺς
2850 1450 3153 1537 amobe),

687 1568 753 1631 in
819 1566 1051 1631 falsum
1117 1574 1309 1630 aucta
1379 1586 1524 1632 esse
1591 1587 1670 1632 ex
1746 1565 2016 1631 consilio
2092 1563 2293 1629 libelli
2366 1563 2621 1628 videtur
2697 1560 3148 1644 colligendum.

687 1673 1144 1738 Verumtamen
1189 1673 1677 1756 DemostheneS,
1728 1672 1986 1738 etiamsi
2026 1673 2172 1756 plus
2204 1670 2442 1736 dixerit
2471 1671 2537 1750 [l.
2570 1670 2651 1753 1.],
2685 1689 2878 1751 quam
2904 1666 3147 1733 veritas

688 1781 955 1865 patitur,
1015 1781 1179 1846 satis
1236 1779 1521 1844 dilucide
1577 1779 1860 1845 affirmat
1913 1779 2185 1844 Athenis
2243 1778 2448 1844 servis
2502 1797 2582 1842 ac
2636 1774 2998 1861 peregrinis
3052 1772 3148 1837 fa-

569 1879 573 1883 *
688 1887 995 1953 cultatem
1024 1887 1311 1969 aliquam
1339 1888 1538 1952 verba
1567 1886 1852 1952 faciendi
1900 1886 2122 1953 fuisse.
2137 1886 2184 1963 2)
2250 1886 2350 1949 Ex
2394 1884 2497 1951 his
2544 1883 2758 1967 igitur,
2807 1902 2975 1966 quae
3001 1901 3147 1965 pro-

687 1992 821 2076 tuli,
880 1993 1065 2075 sequi
1116 1993 1285 2057 mihi
1338 1992 1612 2077 videtur,
1677 2001 1748 2057 ut
1814 1993 2084 2058 Athenis
2150 2013 2269 2057 nec
2331 1991 2692 2077 peregrinis
2756 2011 2877 2055 nec
2943 1987 3153 2054 servis

688 2098 858 2182 ἀδείᾳ
905 2119 1068 2183 opus
1115 2099 1309 2164 fuerit
1354 2101 1421 2165 in
1476 2099 1893 2166 indicandum
1957 2100 2280 2165 delictum.
2390 2101 2592 2163 Immo
2668 2097 2835 2163 sicut
2899 2095 3152 2160 civibus

687 2206 971 2271 criminis
1020 2206 1358 2273 cuiusdam
1404 2207 1726 2290 affinibus,
1773 2209 1867 2271 ita
1926 2206 2289 2292 peregrinis
2351 2214 2416 2272 et
2473 2205 2677 2272 servis
2739 2203 2981 2269 indicia
3039 2201 3151 2266 de-

690 2312 856 2378 ferre
902 2313 1084 2378 licuit
1130 2314 1233 2379 vel
1283 2315 1514 2399 potius,
1561 2323 1631 2379 ut
1678 2314 1977 2397 equidem
2025 2315 2269 2399 opinor,
2331 2319 2398 2379 ut
2455 2313 2630 2378 cives
2695 2319 2760 2377 et
2821 2309 3147 2396 peregrini

687 2426 752 2483 ct
799 2420 968 2484 servi
1018 2419 1259 2485 delicta
1292 2421 1670 2505 indicarent,
1699 2422 1979 2506 populus
2019 2420 2364 2487 occasione
2411 2420 2568 2484 data
2598 2417 2971 2501 decrevit.³)
3027 2416 3155 2481 Hic

688 2526 863 2590 dicat
913 2527 1235 2610 quispiam
1281 2527 1449 2593 hanc
1496 2527 1832 2593 indicandi
1878 2528 2255 2594 facultatem
2300 2528 2684 2611 impunitate
2732 2525 2987 2591 demum
3034 2543 3147 2608 pu-

687 2633 855 2698 blice
904 2633 1060 2698 data
1116 2633 1248 2700 illis
1304 2634 1668 2701 hominibus
1724 2635 1950 2701 fuisse.
2039 2635 2125 2699 At
2172 2635 2242 2699 id
2289 2655 2329 2698 a
2378 2655 2530 2699 vcro
2583 2634 2778 2718 plane
2827 2631 3151 2707 dissentit,

687 2760 831 2804 cum
878 2747 942 2805 et
987 2742 1347 2825 peregrinis
1396 2749 1460 2807 et
1508 2742 1714 2808 servis
1762 2743 1868 2807 vel
1915 2742 2167 2807 iniussu
2214 2742 2437 2826 populi
2487 2741 2851 2825 supplicum
2885 2739 3011 2804 ritu
3054 2739 3149 2801 in-

868 3040 1125 3092 Βέλτιστον
1163 3040 1312 3093 αὐτὸν
1347 3049 1489 3094 τοῦτο
1529 3042 1724 3114 ποιήσει
1761 3042 1888 3094 πολύ
1918 3046 2085 3111 (Stob.
2127 3046 2283 3099 floril.
2322 3045 2471 3099 LXII
2501 3063 2552 3098 11.
2584 3046 2698 3111 27),
2738 3061 2805 3099 ex
2832 3061 2940 3112 quo
2977 3042 3151 3097 servis

688 3128 972 3201 παῤῥησὶαν
1009 3150 1119 3186 non
1157 3133 1324 3188 fuisse
1361 3138 1534 3202 patet.
1612 3134 1822 3188 Tamen
1861 3134 1931 3188 ad
1968 3136 2192 3204 publiea
2219 3153 2373 3189 sacra
2419 3138 2476 3189 et
2521 3136 2664 3189 festa
2710 3134 2934 3188 deorum
2979 3131 3151 3186 servis

686 3221 870 3275 aditus
909 3224 1026 3276 erat
1075 3220 1164 3289 [cf.
1212 3222 1406 3276 Busolt
1443 3222 1473 3290 ξ
1516 3225 1581 3275 12
1617 3241 1669 3292 p.
1726 3224 1906 3287 12,14.
1946 3222 1976 3292 ξ
2021 3225 2120 3279 150
2164 3243 2215 3293 p.
2268 3225 2395 3289 1363
2444 3224 2509 3279 cf.
2559 3224 2729 3278 etiam
2777 3223 3148 3277 Schoemann:

692 3310 815 3364 »Gn
857 3311 1001 3364 Ait«
1044 3311 1070 3363 I
1107 3312 1308 3376 352,8;
1349 3312 1814 3366 Biichsenschiitz:
1872 3314 2020 3367 »Bes
2070 3332 2122 3368 u.
2173 3314 2345 3366 Erw.«
2388 3331 2439 3382 p.
2483 3313 2601 3375 149,
2624 3311 2681 3380 3]
2731 3313 2976 3379 itemque
3025 3328 3147 3379 per-

686 3400 893 3468 egrinis
930 3397 1020 3466 [cf.
1061 3399 1325 3453 Schenkl:
1369 3401 1625 3455 »Wiener
1661 3401 1848 3455 Stud«
1892 3403 1945 3455 II
1984 3401 2126 3469 212].
2163 3432 2221 3440 -
2254 3403 2335 3456 De
2370 3402 2630 3456 metoecis
2669 3402 2859 3468 aliqua
2896 3418 2962 3455 ex
2988 3402 3151 3469 parte

686 3505 963 3542 sacrorum
999 3489 1343 3556 publicorum
1380 3490 1743 3560 participibus
1781 3492 1849 3546 cf.
1889 3491 2128 3546 Schenkl
2166 3492 2202 3546 1.
2242 3493 2278 3545 l.
2317 3511 2368 3561 p.
2411 3493 2514 3545 204
2551 3510 2670 3559 sqq.
2877 3484 2891 3498 “

873 3594 913 3659 ¹)
951 3596 1214 3649 Schenkl:
1252 3597 1508 3651 »Wiener
1531 3598 1715 3651 Stud.«
1748 3599 1803 3651 II
1826 3599 1944 3664 182,
1980 3600 2050 3652 40
2087 3598 2159 3653 ad
2194 3599 2338 3652 hanc
2365 3617 2480 3653 rem
2508 3599 2729 3653 laudat:
2760 3596 2824 3648 ’A
2836 3598 2958 3668 θην.
2989 3593 3147 3647 πολιτ.

685 3684 711 3736 Ι
751 3684 959 3737 10-12
1009 3689 1065 3738 et
1096 3686 1232 3739 haec
1271 3685 1528 3740 adnotat:
1575 3704 1716 3754 »quo
1755 3687 1872 3742 loco
1909 3687 2158 3757 scriptor,
2198 3687 2302 3742 etsi
2332 3687 2689 3757 optimatium
2717 3688 2917 3752 fautor,
2956 3690 3148 3740 tamen

684 3768 944 3842 ἰσηγορίαν
985 3773 1275 3841 inquilinis
1313 3775 1504 3828 datam
1544 3776 1613 3829 ab
1650 3776 1954 3830 amicorum
1990 3777 2295 3846 opprobriis
2333 3776 2638 3841 defendit«;
2678 3777 2743 3831 cf.
2777 3777 3148 3831 Schoemann:

691 3862 812 3916 »Gn
853 3863 1000 3917 Alt.«
1042 3864 1069 3916 I
1105 3865 1307 3929 351‚2;
1348 3865 1786 3920 Biichsensehfitz
1824 3885 1875 3935 p.
1919 3867 2036 3920 154.

869 3969 909 4038 2)
948 3972 1017 4027 cf.
1056 3973 1201 4027 Plat.
1243 3973 1407 4043 Gorg.
1446 3992 1499 4042 p.
1538 3975 1709 4038 461e;
1767 3974 2032 4028 Schema:
2087 3975 2344 4029 »Wiener
2392 3956 2601 4029 swa<
2631 3975 2684 4028 11
2725 3974 2828 4028 182
2874 3975 3000 4028 adn.
3049 3974 3147 4038 40;

686 4060 880 4114 Busolt
918 4059 949 4127 ἓ
995 4062 1094 4114 150
1128 4080 1180 4130 p.
1227 4062 1341 4116 136.

869 4166 911 4234 ³)
949 4168 1015 4221 cf.
1056 4168 1225 4224 Thuc.
1265 4169 1343 4222 VI
1371 4170 1526 4234 2732.
1562 4199 1624 4207 -—
1658 4170 1716 4225 Si
1744 4171 1961 4235 Menon,
1994 4171 2227 4225 Phidiae
2255 4170 2501 4241 μηνυτής,
2539 4171 2674 4225 civis
2710 4171 2880 4226 fuerit
2908 4170 3146 4235 Atticus,

683 4272 812 4309 eum
848 4259 1139 4324 propterea
1174 4258 1478 4326 supplicem
1516 4259 1694 4313 adisse
1729 4260 1995 4328 populum
2020 4244 2128 4324 (cf.
2168 4261 2316 4314 Plut.
2346 4261 2538 4315 Pericl.
2567 4260 2769 4326 XXXI)
2798 4264 2950 4328 put0‚
2981 4259 3145 4328 quod,

683 4361 809 4397 cum
853 4345 1089 4413 populus
1136 4346 1405 4411 edictum,
1463 4365 1573 4415 quo
1627 4347 1901 4402 indicibus
1955 4343 2098 4398 ἄδεια
2152 4348 2402 4413 daretur,
2457 4337 2700 4405 nondum
2756 4349 3146 4418 proposuisset,

681 4433 883 4487 Menon
913 4433 1182 4488 indicium
1220 4436 1504 4490 delaturus
1541 4436 1940 4505 impunitatem
1977 4441 2145 4492 antea
2182 4440 2464 4506 acquirere
2499 4439 2694 4503 voluit,
2744 4457 2912 4506 quam
2959 4455 3148 4492 omnes

682 4522 890 4576 indices
937 4523 1212 4592 supplices
1260 4528 1513 4593 peterent
1548 4542 1765 4581 necesse
1811 4526 1933 4581 fuit.
2013 4524 2194 4595 Ἀδείᾳ
2241 4532 2431 4583 autem
2475 4528 2563 4582 illi
2618 4546 2752 4598 opus
2807 4531 2942 4592 erat,
3000 4527 3147 4595 quod

682 4611 928 4666 criminis
965 4613 1141 4667 socius
1179 4614 1316 4679 fuit3
1354 4633 1481 4669 nam
1522 4614 1745 4678 indices
1786 4620 1851 4669 ut
1887 4620 2079 4685 postea
2116 4617 2515 4683 demonstrabO,
2556 4617 2801 4672 criminis
2847 4617 3022 4672 delati
3068 4617 3144 4671 af·

681 4701 814 4754 fines
852 4702 1032 4757 habiti
1070 4707 1217 4758 sunt.
