3567 5392
1922 373 2007 434 32

738 564 830 631 ἐπ’
874 565 1038 650 ἀνδρί
1087 565 1213 630 civi
1262 566 1527 648 irrogat,
1575 566 1768 649 quale
1809 565 2063 649 legibus
2091 564 2507 631 interdictum
2535 572 2651 642 est,
2684 563 2881 648 idque
2908 573 3206 651 propter·

738 692 818 739 ea
865 671 1039 755 quod
1084 672 1448 738 institutum
1494 670 1823 755 quoddam
1867 672 2195 757 publicum
2242 672 2561 755 simulque
2608 672 2751 737 iura
2798 691 3015 738 eorum
3062 673 3206 738 vio-

734 779 966 863 lantur,
1014 798 1182 862 quae
1238 778 1519 863 populus
1575 779 1718 863 ipse
1778 778 2035 862 legibus
2091 780 2326 845 sanxit.
2438 777 2622 856 Quae
2686 799 2831 844 cum
2894 779 2989 844 ita
3052 779 3208 865 sint,

736 906 1049 952 summam
1101 884 1330 971 populi
1384 891 1777 970 potestatem
1846 905 1927 951 ea
1981 887 2321 969 rogatione
2383 886 2695 952 violatam
2760 899 2906 952 esse
2970 886 3204 970 negari

736 1012 863 1059 non
909 999 1144 1078 potest.

913 1100 1050 1185 Eis,
1096 1119 1267 1183 quae
1311 1099 1648 1184 hucusque
1696 1100 1985 1185 exposui,
2032 1099 2155 1167 hoc
2185 1099 2342 1164 mihi
2369 1099 2596 1165 videor
2626 1099 2952 1167 effecisse:
2985 1099 3206 1185 ἀδείᾳ

736 1207 806 1272 01
864 1226 1053 1292 011118
1109 1206 1281 1291 fuit,
1322 1208 1450 1290 qui
1485 1213 1617 1273 aut
1655 1207 2192 1274 remissionem
2235 1226 2538 1291 poenae
2568 1207 2659 1272 ab
2698 1207 2869 1292 ipso
2904 1207 3212 1292 populo

738 1314 1213 1379 constitutae
1259 1321 1390 1379 aut
1434 1313 1906 1380 levationem
1951 1313 2076 1379 vel
2121 1313 2692 1379 immunitatem
2737 1313 3115 1397 liturgiae
3159 1334 3207 1378 a

735 1419 1021 1506 populo
1069 1457 1156 1469 --
1201 1419 1306 1485 vel
1354 1421 1439 1486 ab
1486 1421 1584 1504 iis,
1633 1421 1742 1503 qui
1792 1421 1932 1487 eius
1977 1421 2122 1487 vice
2169 1420 2630 1505 fungebantur,
2660 1420 3212 1504 ——impositae

746 1533 1161 1611 rogaturus
1209 1535 1440 1593 esset.

918 1830 1076 1899 lla.
1170 1832 1510 1916 Populus
1570 1831 1640 1897 ei
1683 1833 1993 1897 veniam
2042 1831 2200 1915 dat,
2252 1833 2375 1916 qui
2432 1832 2839 1917 rogatione
2894 1832 3206 1918 publici

736 1938 1029 2005 aerarii
1105 1938 1641 2021 integritatem
1715 1939 2161 2007 violaturus
2224 1940 2347 2007 vel
2413 1941 2540 2025 qui
2608 1940 2994 2006 aerarium
3056 1961 3206 2026 pu·

735 2045 1021 2111 blicum
1070 2046 1171 2127 (τὸ
1218 2051 1483 2126 κοινόν)
1532 2045 1955 2129 illegitime
2002 2046 2533 2115 deminuturus
2582 2054 2716 2115 est.

915 2152 1249 2219 Hactenus
1295 2173 1441 2218 eam
1486 2152 1764 2237 rogandi
1810 2153 2069 2219 veniam
2099 2153 2672 2239 consideravimus,
2705 2173 2873 2237 quae
2904 2152 3206 2238 rogatori

740 2280 1053 2327 summam
1114 2259 1340 2344 populi
1400 2266 1796 2344 potestatem
1850 2261 2169 2326 violaturo
2226 2259 2605 2347 appetenda
2657 2260 2800 2329 fuit.
2913 2260 3052 2326 Iam
3110 2258 3206 2325 ad

735 2367 1009 2432 alterum
1058 2366 1263 2440 ἀδείας
1308 2386 1513 2449 genus
1559 2385 1678 2433 nos
1723 2373 2080 2452 vertamus,
2126 2388 2320 2451 quam
2377 2369 2460 2433 ob
2514 2368 2751 2433 aerarii
2799 2367 3043 2453 publici
3102 2367 3201 2431 in-

740 2474 1111 2557 tegritatem
1169 2472 1545 2538 violandam
1596 2475 1884 2558 rogatori
1940 2473 2084 2540 dari
2140 2476 2444 2560 oportuit.
2553 2474 2659 2539 Ad
2724 2480 2964 2541 statum
3029 2475 3205 2539 enim

738 2581 833 2646 rei
878 2579 1180 2666 publicae
1226 2579 1493 2646 maximi
1538 2581 1842 2647 momenti
1892 2602 2040 2649 esse
2069 2580 2414 2664 diximus¹)
2443 2582 2540 2648 rei
2566 2581 2870 2667 publicae
2898 2601 3062 2666 opes
3091 2580 3204 2648 vel

738 2687 1060 2754 aerarium
1104 2686 1434 2773 publicum
1481 2689 1575 2768 (τὸ
1621 2690 1848 2769 κοινόν)
1897 2688 2219 2773 integrum
2262 2689 2369 2754 vel
2416 2690 2635 2774 potius
2694 2696 2906 2754 ratum
2970 2707 3116 2755 esse
3127 2687 3208 2772 ²),

739 2795 833 2860 ita
878 2802 950 2862 ut
993 2795 1161 2860 ratio
1207 2794 1528 2861 redituum
1573 2795 1980 2879 publicorum
2024 2803 2090 2862 et
2134 2796 2498 2862 necessitas
2536 2795 2984 2879 erogationum
3030 2796 3208 2861 inter

740 2923 812 2969 se
860 2909 1237 2985 congruant.
1250 2901 1301 2983 3)
1392 2901 1648 2967 Aerarii
1703 2902 1949 2987 publici
2006 2909 2221 2968 autem
2283 2902 2630 2986 integritas
2693 2901 2937 2987 duplici
3002 2900 3208 2966 modo

742 3009 975 3075 violari
1021 3014 1265 3092 potest:
1315 3015 1427 3072 aut
1470 3007 1766 3091 pecuniis
1822 3007 2101 3093 publicis
2164 3007 2503 3093 illegitime
2568 3007 3018 3074 deminuendis
3083 3014 3208 3073 aut

740 3114 1079 3200 augendis,
1125 3113 1196 3178 id
1251 3114 1425 3198 quod
1469 3114 1648 3179 nullo
1695 3114 1827 3179 alio
1875 3113 2066 3179 modo
2114 3116 2240 3181 nisi
2286 3116 2597 3200 legitimis
2645 3113 3033 3199 quibusdam
3087 3115 3201 3179 ob-

742 3223 1020 3290 servatis
1082 3221 1224 3288 fieri
1282 3222 1526 3308 potuit.⁴
1635 3221 1711 3286 In
1774 3222 2268 3289 Atheniensium
2331 3221 2593 3307 quidem
2655 3243 2727 3287 re
2789 3222 3074 3307 publica,
3139 3221 3203 3286 si

738 3330 884 3416 quis
957 3329 1250 3415 pecuniis
1334 3328 1756 3413 illegitime
1831 3328 2369 3396 deminuendis
2443 3331 2885 3413 integritatem
2959 3327 3203 3393 aerarii

744 3437 923 3504 laedi
950 3436 1162 3521 vellet,
1192 3443 1263 3501 ut
1290 3437 1347 3502 is
1373 3436 1824 3522 impunitatem
1853 3437 2129 3520 rogandi
2158 3457 2197 3502 a
2233 3437 2475 3522 populo
2521 3443 2792 3523 peteret,
2841 3436 2948 3502 lex
2994 3434 3202 3517 fuit.⁴)

923 3542 1056 3608 Sed
1102 3541 1190 3608 ad
1237 3563 1399 3627 quas
1446 3544 1821 3627 rogationes
1869 3543 2173 3610 ferendas
2218 3545 2498 3630 populus
2543 3543 2745 3610 ἄδειαν
2774 3541 3043 3626 dederit,
3071 3541 3204 3627 vel,

742 3657 813 3716 ut
858 3650 1008 3716 aliis
1053 3650 1270 3716 verbis
1308 3649 1549 3739 dicam,
1606 3650 1837 3733 quibus
1896 3652 2089 3717 rebus
2146 3671 2337 3737 opum
2392 3651 2797 3737 publicarum
2851 3670 2980 3714 non
3035 3648 3200 3731 legi-

737 3758 934 3824 timae
965 3758 1438 3824 deminutiones
1468 3757 1686 3823 factae
1726 3758 1871 3843 sint,
1924 3757 2304 3842 singillatim
2344 3759 2477 3823 iam
2513 3779 2650 3824 sum
2690 3756 3204 3823 examinaturus.

929 4025 973 4090 ¹)
1009 4026 1078 4080 V.
1116 4043 1283 4095 supra
1320 4044 1374 4094 p.
1415 4027 1465 4080 3.

929 4113 972 4180 ²)
1009 4117 1074 4169 ut
1110 4114 1310 4183 lingua
1345 4114 1641 4169 vernacula
1677 4117 1831 4168 utar:
1876 4114 2031 4169 »dass
2069 4113 2163 4169 das
2181 4114 2495 4184 Vermogen
2514 4114 2606 4167 des
2625 4113 2844 4169 Staatae
2862 4113 3212 4180 rechnungs-

743 4203 950 4273 miissig
984 4203 1192 4273 richtig
1228 4204 1351 4257 ist.‹

927 4291 971 4357 ⁸)
1009 4292 1190 4347 Taciti
1229 4292 1433 4346 Annal.
1468 4292 1602 4346 XIII
1638 4292 1710 4346 50
1744 4292 1916 4346 verba
1953 4291 2228 4362 exscripsi.

926 4380 969 4449 ⁴)
1007 4383 1090 4435 Ex
1125 4381 1244 4436 iure
1280 4383 1547 4443 Romam,
1595 4381 1653 4435 in
1692 4399 1804 4449 quo
1850 4382 2038 4436 omnia
2082 4381 2363 4436 subtiliter
2410 4384 2468 4436 et
2516 4382 2833 4435 constanter
2877 4377 3216 4448 excogitata.

744 4470 1097 4540 perfectaque
1133 4474 1279 4535 sunt,
1320 4471 1368 4524 si
1405 4472 1597 4525 eadem
1634 4471 1723 4525 lex
1759 4470 2043 4533 valuisset,
2084 4470 2256 4525 etiam
2293 4470 2345 4524 01
2383 4466 2525 4536 ἀδείᾳ
2541 4487 2678 4538 011118
2697 4471 2854 4531 esset,
2875 4468 2974 4537 qui
2989 4466 3224 4522 aerario

741 4560 1039 4630 illegitime
1086 4560 1339 4630 augendo
1386 4560 1776 4630 integritatem
1822 4560 2129 4614 violaturus
2166 4561 2333 4624 esset;
2372 4559 2466 4613 sed
2500 4559 2561 4612 in
2600 4557 2786 4613 Attico
2822 4557 2942 4612 11110
2978 4555 3224 4626 publico

741 4651 888 4705 hanc
925 4646 1094 4710 ἀδείας
1132 4667 1355 4703 causam
1390 4649 1596 4703 frustra
1634 4666 1883 4718 quaeras.
