3567 5392
42 4884 53 4923 ..Β
40 4820 41 4839 A
40 4762 41 4773 ⁴

1897 428 1937 491 6

1983 517 2137 524 ——-——

697 626 906 700 ἆδείας
974 626 1152 691 notio
1229 624 1472 710 optime
1543 622 1864 709 explicari
1926 620 2197 705 videtur,
2272 621 2330 685 si
2393 621 2593 686 verba
2654 618 2860 684 ἄδειαν
2933 619 3161 684 διδόναι

582 802 589 813 ,
698 734 804 800 vel
886 734 1245 821 ψηφίζεσθαι
1318 729 1510 796 modo
1584 729 1982 813 ‘decernere,
2055 748 2139 794 ne
2203 727 2305 792 cui
2372 747 2478 793 res
2545 727 2630 793 sit
2691 724 2922 810 fraudi,
2988 743 3165 807 quae

654 860 659 863 ⁷
703 840 1077 924 ceteroquin
1110 838 1430 924 supplicio
1461 837 1662 921 digna
1707 836 2043 920 habeatur,
2090 841 2160 900 ut
2206 834 2375 919 legis
2422 834 2697 899 alicuius
2734 833 2834 900 vis
2882 831 3166 897 alicuius

699 947 977 1013 hominis
1025 966 1227 1013 causa
1273 944 1362 1012 ad
1408 951 1662 1030 tempus
1709 942 2011 1027 tollatur’‚
2026 943 2073 1023 ¹)
2121 940 2315 1007 modo
2362 941 2574 1009 ‘venia
2621 946 2686 1007 et
2716 939 3167 1005 incolumitate

701 1055 1001 1138 aliquem,
1033 1054 1091 1120 si
1119 1053 1427 1120 delictum
1453 1051 1587 1116 iam
1616 1050 2024 1135 commiserit,
2054 1048 2313 1114 donare'
2345 1046 2715 1131 significare
2745 1047 3156 1127 statuimus3‘*

700 1162 1017 1247 imprimis
1065 1167 1283 1227 autem
1327 1158 1629 1243 Valeton‚
1695 1158 1805 1241 qui
1859 1157 2057 1223 ἄδειαν
2112 1156 2215 1223 his
2260 1156 2476 1222 verbis
2535 1155 2832 1221 sollerter
2878 1153 3172 1238 explicat

703 1268 1033 1354 [MnemoS.
1053 1288 1187 1352 n.s.
1206 1266 1329 1332 XV
1354 1287 1415 1351 p.
1439 1266 1532 1350 2]:
1559 1265 1959 1350 „Impunitas
1978 1262 2255 1347 rogandi
2277 1269 2379 1329 est
2410 1262 2600 1348 copia
2631 1261 2785 1326 data
2803 1260 3173 1346 rogationis

708 1375 1025 1443 eiusmodi
1073 1376 1334 1460 impune
1379 1372 1704 1458 ferendae,
1753 1391 1882 1457 qua
1922 1372 2061 1439 sine
2101 1370 2218 1435 illa
2260 1369 2509 1436 civibus
2545 1369 2654 1435 lex
2690 1367 3161 1435 interdixerit.“

886 1482 972 1548 At
999 1502 1152 1547 vero
1183 1501 1311 1546 non
1353 1482 1587 1566 solum,
1624 1478 1780 1564 quid
1819 1478 1980 1544 iuris
2016 1477 2122 1544 vel
2159 1477 2353 1561 quale
2391 1475 2806 1561 privilegium
2843 1476 3015 1560 ἀδείᾳ
3056 1474 3172 1540 tri-

709 1590 931 1655 butum
977 1589 1080 1674 sit,
1129 1588 1248 1655 sed
1294 1588 1509 1673 etiam,
1567 1586 1724 1671 quid
1781 1587 1867 1653 sit
1921 1587 2123 1659 ἀδείας
2176 1590 2429 1669 natura,
2486 1583 2853 1649 accuratius
2911 1581 3171 1648 definiri

706 1716 904 1782 posse
952 1695 1195 1782 opinor.
1285 1695 1499 1780 Ἀδείοι
1546 1694 1741 1780 enim,
1804 1699 1874 1759 ut
1928 1712 2053 1759 uno
2109 1692 2306 1759 verbo
2365 1690 2598 1776 dicam,
2646 1689 2904 1774 gratia
2959 1710 3001 1755 a
3054 1710 3167 1775 po-

708 1803 863 1889 pulo
922 1823 1237 1870 concessa
1295 1809 1417 1887 est,
1474 1821 1643 1886 quae
1697 1802 1764 1867 in
1819 1800 2312 1867 Atheniensium
2367 1798 2505 1865 iure
2560 1798 2628 1863 in
2680 1797 3174 1883 privilegiorum

709 1910 816 1977 vel
845 1915 1238 1998 ψηφισμάτων
1266 1907 1356 1974 ἐπ’
1379 1907 1545 1995 ἀνδρί
1573 1928 1837 1974 numero
1870 1914 1986 1975 est.
2047 1907 2216 1975 Nam
2247 1926 2392 1972 cum
2421 1905 2730 1972 adhibitis
2756 1905 3012 1989 legibus
3039 1924 3175 1970 non

712 2037 860 2083 raro
890 2017 1138 2083 civibus
1167 2016 1466 2082 iniuriam
1503 2014 1645 2082 fieri
1689 2015 2009 2099 nimisque
2047 2015 2281 2081 acerbe
2323 2021 2522 2097 atque
2561 2012 2719 2078 dure
2757 2032 2871 2079 eos
2902 2010 3175 2078 tractari

711 2123 1187 2190 intellexissent
1220 2123 1534 2201 homines,
1578 2120 1648 2186 id
1684 2122 1751 2187 in
1789 2121 2118 2207 plerisque
2156 2120 2529 2187 civitatibus
2570 2120 2871 2205 agebant,
2899 2126 2971 2185 ut
2998 2124 3184 2186 esset

715 2231 952 2315 aliquis
997 2231 1066 2296 in
1112 2231 1395 2315 civitate,
1444 2230 1555 2313 qui
1601 2229 1856 2313 legibus
1901 2248 2031 2294 non
2078 2228 2396 2294 obnoxius
2444 2227 2680 2310 esset2)
2721 2234 2917 2311 atque
2955 2227 3180 2312 legum

716 2338 1093 2424 asperitatis
1150 2344 1216 2405 et
1260 2337 1522 2420 iniquae
1571 2336 1936 2402 severitatis
1990 2335 2394 2419 mitigandae
2448 2355 2528 2401 ac
2583 2333 2906 2401 levandae
2958 2340 3180 2420 potes·

716 2453 922 2512 tatem
975 2430 1266 2512 haberet.
1360 2442 1552 2521 Quod
1597 2443 1701 2509 ius
1747 2443 2003 2527 gratiae
2051 2441 2311 2508 dandae
2356 2442 2597 2509 nostris
2656 2442 3054 2528 temporibus
3108 2441 3184 2506 in.

717 2552 940 2635 regnis
985 2553 1180 2636 longe
1224 2551 1519 2637 plurimis
1567 2558 1826 2617 exercet
1881 2570 2011 2634 rex,
2067 2551 2135 2615 in
2188 2550 2394 2617 libera
2448 2570 2519 2615 re
2575 2549 2837 2635 publica
2893 2568 3186 2616 summus

717 2661 1160 2744 magistratus.
1249 2658 1464 2743 Leges
1513 2679 1689 2744 sane,
1738 2678 1905 2741 quae
1942 2657 2181 2743 valent,
2226 2676 2355 2722 non
2402 2658 2812 2741 abrogantur‚
2861 2657 2918 2723 si
2964 2655 3188 2740 gratia.

723 2767 932 2853 datur,
980 2766 1098 2833 sed
1143 2786 1379 2831 novum
1424 2765 1497 2831 fit
1549 2765 1617 2830 in
1652 2764 2041 2831 beneficium
2077 2764 2355 2830 hominis
2393 2763 2665 2829 alicuius
2703 2763 3189 2850 populiscitum.

724 2873 915 2953 Quod
950 2874 1069 2947 ¹ubi
1114 2872 1204 2958 fit,
1248 2874 1495 2938 Romae
1542 2893 1583 2937 a
1627 2871 1871 2958 populo
1928 2871 2341 2957 privilegium
2397 2870 2738 2955 irrogatur,
2794 2871 2861 2935 in
2917 2868 3182 2935 Atheni-

725 2965 976 3049 ensium
1023 2987 1237 3047 autem
1285 3000 1353 3045 re
1399 2979 1692 3065 publica,
1747 2999 1893 3044 cum
1946 2978 2186 3043 nemini
2240 2977 2415 3045 illius
2468 2977 2627 3043 iuris
2683 2974 3193 3043 administrandi

725 3089 831 3155 vel
897 3090 1152 3172 gratiae
1215 3087 1475 3160 dandae
1529 3092 1825 3173 potestas
1882 3086 2122 3152 tributa
2179 3086 2280 3170 sit,
2336 3086 2403 3150 in
2458 3085 2596 3150 iure
2651 3084 2910 3170 publico
2966 3083 3190 3149 Attico

725 3216 885 3262 vera
948 3180 1296 3282 privilegia
1361 3203 1510 3261 sunt
1571 3193 1835 3274 nulla.³)
1928 3193 2232 3259 Attamen
2281 3192 2491 3258 simile
2537 3190 2866 3276 quoddam
2912 3189 3190 3256 Athenis

729 3304 851 3370 fuit
893 3303 1273 3371 institutum.
1364 3303 1590 3385 Neque
1646 3302 1818 3367 enim
1873 3301 2153 3386 populus
2209 3290 2722 3379 Atheniensium,
2777 3305 2847 3364 ut
2905 3296 3188 3382 gratiam

730 3411 929 3477 alicui
984 3410 1203 3495 faciat,
1259 3429 1561 3495 poenam,
1619 3409 1790 3474 sicut
1843 3414 2067 3474 nostra
2124 3413 2342 3473 aetate
2396 3407 2465 3471 in
2520 3406 2891 3472 civitatibus
2947 3404 3036 3489 fit,
3088 3423 3192 3469 re-

730 3518 925 3585 mittit
999 3523 1112 3583 aut
1175 3538 1253 3583 ex
1316 3523 1503 3601 parte
1565 3516 1766 3601 levat,
1842 3536 1972 3580 non
2034 3514 2482 3600 impunitatem
2550 3512 2689 3599 dat,
2755 3511 2876 3579 sed
2938 3511 3240 3577 ἄδειαν·

732 3625 954 3692 tribuit
998 3617 1144 3694 i.‘e.
1191 3623 1670 3689 vacuitatem
1717 3643 1758 3688 a
1804 3628 2006 3688 metu
2053 3621 2609 3688 accusationis.
2666 3620 2956 3705 Populus
2992 3619 3199 3703 igitur

732 3734 798 3799 in
863 3732 1143 3797 maximo
1219 3730 1553 3797 comitiatu
1627 3729 1896 3796 occultis
1972 3727 2306 3812 suffragiis
2381 3727 2696 3814 decernit,
2771 3748 2855 3794 ne
2926 3726 3003 3812 is,
3079 3724 3196 3810 qui

733 3839 1060 3923 illegitimi
1124 3837 1374 3923 aliquid
1437 3837 1893 3903 commissurus
1959 3837 2071 3922 sit,
2136 3836 2389 3921 timeat,
2454 3855 2536 3900 ne
2600 3841 2966 3920 accusetur,
3026 3851 3200 3898 neve

737 3954 851 4015 aut
895 3947 1039 4032 ipse
1095 3951 1210 4010 aut
1263 3944 1312 4008 ii
1364 3943 1820 4028 magistratus,
1878 3963 2146 4028 quorum
2202 3942 2287 4010 sit
2347 3942 2799 4008 accusationes
2855 3933 3202 4024 instruere,

736 4056 919 4121 illum
965 4053 1032 4118 in
1077 4053 1179 4119 ius
1225 4058 1472 4118 vocent.
1564 4047 1750 4124 Quae
1800 4071 1944 4116 cum
1988 4051 2083 4115 ita
2133 4037 2287 4134 sint,
2343 4049 2517 4114 ἄδεια
2570 4048 2865 4115 homines
2924 4047 3200 4113 inviola-

736 4162 904 4229 biles
957 4159 1174 4226 reddit
1234 4178 1365 4224 non
1430 4178 1619 4225 secus
1688 4164 1884 4241 atque
1947 4162 2415 4244 στεφανηφορία,
2483 4175 2758 4239 quacum
2821 4156 3004 4221 illam
3065 4154 3202 4220 De-

923 4337 967 4407 1)
1004 4339 1070 4394 cf.
1108 4337 1354 4392 Boeckh:
1399 4335 1508 4390 »St
1549 4336 1601 4392 d.
1633 4336 1798 4390 Ath.‹
1841 4335 1894 4388 II
1933 4335 2018 4389 64.

924 4444 966 4511 ²)
1004 4445 1072 4500 cf.
1109 4445 1371 4500 Mnemoa
1409 4462 1463 4497 n.
1504 4460 1546 4501 ε..
1584 4444 1686 4498 XV
1722 4461 1775 4513 p.
1816 4444 1865 4497 9.

924 4550 969 4621 ⁸)
1007 4551 1175 4607 Cuius
1237 4551 1318 4606 rei
1384 4550 1557 4606 etiam
1613 4549 1728 4605 alia
1781 4566 1949 4604 causa
2002 4550 2216 4604 subest:
2273 4551 2424 4619 leges
2477 4547 2663 4618 privas
2716 4564 2913 4617 rogare
2964 4545 3027 4600 in
3078 4545 3210 4600 iure

742 4643 933 4699 Attico
968 4658 1080 4698 non
1117 4639 1362 4707 licuisse,
1399 4640 1493 4694 sed
1529 4639 1867 4710 populiscitu.
1911 4641 2138 4694 tantum
2185 4638 2347 4709 priva
2383 4637 2624 4692 Valeton
2670 4636 2956 4692 contendit
2992 4636 3029 4690 1.
3067 4636 3105 4690 l.
3142 4653 3204 4705 p.

744 4737 791 4789 7.
836 4735 898 4787 15
937 4749 1057 4800 sqq.
