3567 5392
1615 417 1688 477 (31

429 627 586 673 cura
631 627 839 673 rerum
889 606 977 671 ad
1037 605 1318 696 εἰσφοράν
1370 609 1828 694 pertinentium
1895 610 2241 677 commissa
2309 616 2465 676 erat.
2479 611 2526 691 1)
2640 611 2890 677 Tamen

428 713 568 779 fieri
613 715 842 800 potuit,
889 721 960 780 ut
997 715 1066 780 id
1105 715 1412 780 tributum
1454 716 1541 780 ad
1578 715 1748 783 alias
1783 737 1890 782 res
1930 717 2365 797 adhiberetur,
2400 717 2539 784 sive
2567 718 2893 803 pecuniae

428 821 516 886 ad
588 842 722 888 rem
794 823 1121 907 publicam
1186 823 1767 890 administrandam
1833 823 2164 909 sepositae
2227 825 2295 889 in
2356 825 2527 890 bello
2594 824 2886 909 gerendo

427 935 848 1013 consumptae
876 937 1062 997 erant
1090 937 1155 995 et
1199 928 1445 1018 εἰσφορᾷ
1491 931 2017 1016 restituebantur,
2067 932 2205 998 sive
2249 932 2567 1018 pecuniae
2621 938 2891 998 mutuae

427 1037 861 1116 solvebantur,
930 1037 1069 1103 sive
1133 1058 1373 1121 magna
1420 1059 1638 1123 ¹opera
1710 1038 1799 1103 ad
1873 1059 2060 1104 usum
2116 1038 2479 1109 ,militarem
2553 1038 2892 1104 destinata

426 1142 947 1210 conficiebantur.
961 1144 1012 1226 ²)
1125 1145 1299 1211 Sane
1365 1147 1559 1212 etiam
1623 1153 1758 1210 tum
1826 1144 2106 1233 εἰσφοράν
2172 1165 2427 1230 semper
2488 1146 2624 1211 fere
2687 1146 2891 1212 rebus

426 1251 811 1318 militaribus
901 1259 1166 1337 praesto
1257 1251 1462 1319 fuisse
1557 1252 1822 1319 Boeckh
1914 1252 2150 1320 docuit.
2307 1253 2475 1320 Nam
2566 1252 2632 1317 in
2716 1272 2889 1336 pace

425 1379 682 1442 quoque
753 1359 949 1425 rebus
1013 1359 1268 1425 bellicis
1340 1358 1866 1445 prospiciendum
1941 1379 2088 1426 esse
2161 1381 2277 1445 per
2361 1380 2432 1426 se
2504 1361 2716 1445 ipsum
2789 1360 2887 1423 in-

424 1465 771 1548 tellegitur.
865 1467 1096 1549 Itaque
1154 1465 1277 1532 hoc
1336 1466 1847 1533 extraordinario
1905 1466 2143 1532 tributo
2201 1468 2511 1551 pecunias
2566 1465 2888 1551 publicas,

424 1592 506 1637 ex
571 1573 803 1656 quibus
869 1573 1204 1658 impensae
1269 1572 1333 1638 in
1400 1595 1534 1640 rem
1589 1572 1915 1659 publicam
1985 1572 2565 1639 administrandam
2619 1572 2888 1656 fiebant,

423 1680 712 1762 augeriss)
799 1700 927 1745 non
1008 1686 1183 1746 recte
1267 1680 1481 1756 dicas,
1568 1680 1686 1747 sed
1767 1678 2022 1766 εἰσφορά
2107 1688 2220 1745 aut
2291 1680 2452 1766 ipsis
2525 1680 2719 1746 rebus
2794 1679 2890 1745 ad

607 1855 648 1923 ¹)
686 1857 762 1911 Of.
803 1859 1023 1913 Boeckh
1060 1859 1096 1912 l.
1127 1860 1161 1913 l.
1193 1859 1222 1912 Ι
1251 1860 1355 1913 620
1383 1859 1506 1913 adn.
1536 1860 1573 1912 d
1601 1877 1707 1926 sq.;
1737 1859 2104 1913 Schoemann:
2152 1858 2247 1912 »de
2285 1876 2422 1912 eom.
2460 1859 2624 1912 Ath.«
2668 1877 2720 1927 p.
2748 1859 2852 1913 314
2865 1882 2888 1923 ;

352 2008 356 2013 ‚
425 1946 548 2000 »Gru
600 1946 746 2000 Alt.«
788 1948 814 2001 Ι
851 1948 983 2011 461;
1048 1948 1638 2003 Hauvette·Besnault
1693 1965 1745 2016 p.
1789 1949 1907 2002 140.
1955 1949 2077 2012 1423
2118 1948 2311 2001 Busolt
2349 1946 2381 2015 ἓ
2422 1948 2523 2000 179
2560 1966 2611 2016 p.
2658 1948 2772 2001 162.
2811 1977 2873 1985 -

423 2036 502 2089 De
530 2038 849 2104 praetorum
875 2037 1146 2092 ministris
1183 2039 1249 2092 cf.
1289 2038 1517 2092 Platner
1552 2038 1606 2091 H
1646 2039 1774 2101 103;
1816 2038 2033 2091 Boeckh
2072 2038 2100 2091 I
2138 2038 2257 2090 212.

607 2123 649 2190 ²)
687 2125 753 2180 cf.
785 2126 1006 2180 Boeckh
1033 2127 1071 2180 l.
1101 2128 1136 2180 l.
1166 2127 1192 2180 I
1221 2128 1353 2192 620;
1375 2127 1742 2183 Schoemann:
1778 2126 2073 2194 »Antiqu.«
2107 2144 2158 2195 p.
2190 2127 2290 2180 311
2315 2144 2421 2193 sq.;
2461 2124 2678 2180 Gilbert
2701 2125 2727 2178 Ι
2755 2126 2883 2179 330.

603 2212 646 2281 ⁸)
682 2215 799 2270 Hoc
833 2217 952 2270 loco
987 2215 1048 2270 in
1085 2218 1255 2271 verba
1303 2217 1593 2285 quaedam,
1645 2234 1789 2285 quae
1834 2217 1894 2269 in
1939 2216 2125 2270 titulis
2172 2214 2454 2270 nonnullis
2498 2214 2877 2281 inveniuntur,

421 2302 664 2357 breviter
700 2304 1045 2372 inquiramus
1082 2323 1299 2361 necesse
1335 2310 1434 2360 est.
1509 2306 1768 2375 Legimus
1807 2307 2125 2373 quaestores
2161 2304 2443 2358 Minervae
2481 2306 2734 2372 sumptus
2776 2299 2885 2364 »εἷς

418 2391 514 2462 τὴν
565 2390 868 2463 ἀναγραφὴν
915 2399 1010 2464 τῆς
1063 2391 1292 2464 στήλης(
1343 2395 1619 2449 faciendos
1674 2391 1759 2443 »ἐκ
1807 2400 1904 2444 τῶν
1943 2391 2064 2444 ’δέκα
2089 2386 2396 2443 4ἰτοιλάντων«
2437 2392 2674 2462 pendere
2699 2391 2880 2447 iuberi

422 2479 507 2548 [cf.
548 2482 770 2537 Hartel:
823 2483 1008 2537 »Stud.
1057 2484 1148 2538 ub.
1196 2487 1299 2538 att.
1337 2484 1681 2538 Staatsrecht
1718 2484 1832 2537 und
1869 2483 2386 2538 Urkundenwesen«
2429 2482 2684 2546 (Vindob.
2721 2482 2887 2548 1878)

418 2588 470 2640 p.
523 2572 619 2625 131
670 2589 816 2640 sqq.;
864 2573 1109 2627 Boeckh:
1173 2573 1282 2627 »St.
1330 2573 1380 2626 d.
1430 2573 1594 2627 Ath.‹
1644 2574 1670 2627 Ι
1717 2573 1823 2626 234
1870 2573 2033 2637 (OJA.
2080 2572 2134 2626 II
2186 2572 2265 2626 17.
2316 2573 2401 2624 44.
2448 2571 2534 2625 84.
2582 2571 2666 2625 86.
2708 2571 2877 2639 270)].

418 2661 570 2715 Haec
597 2660 783 2715 decem
809 2661 1030 2716 talenta
1052 2662 1313 2716 Koehler:
1339 2663 1502 2717 »Urk.
1525 2680 1577 2715 u.
1601 2663 2100 2730 Untersuchungen
2119 2663 2207 2715 fib.
2244 2661 2294 2714 d.
2325 2661 2559 2715 del.·att.
2589 2660 2878 2714 Seebunde

417 2768 471 2818 p.
510 2750 571 2802 12
603 2753 769 2819 putat
806 2767 935 2814 esse,
974 2753 1040 2804 ut
1076 2751 1248 2820 ipsius
1276 2751 1456 2806 verbis
1494 2754 1647 2806 utar:
1693 2751 1814 2805 »ein
1857 2749 2376 2820 Dispositionsfonds
2411 2749 2502 2802 fiir
2538 2749 2625 2803 die
2663 2749 2884 2803 lausen-

416 2839 523 2893 den
551 2840 849 2909 Ausgaben
886 2836 979 2906 (εἰς
1015 2841 1079 2905 τὰ
1117 2836 1361 2907 δέοντα)«,
1399 2841 1596 2896 Hartel
1636 2840 1726 2908 [cf.
1766 2840 1907 2895 OJA.
1945 2840 1998 2893 ΙΙ
2037 2840 2141 2893 270
2179 2858 2257 2893 vs.
2288 2840 2320 2892 8
2349 2837 2492 2907 sqq.]
2524 2839 2560 2893 l.
2599 2837 2636 2893 l.
2664 2856 2715 2906 p.
2743 2839 2882 2893 1³2:

421 2929 544 2982 »ein
580 2928 1102 2999 Einnahmeposten,
1155 2930 1251 2984 der
1287 2931 1457 2997 durch
1496 2930 1584 2984 die
1624 2926 1847 2999 εἰσφοραί
1885 2929 1979 2984 der
2016 2929 2275 2983 Metoken
2312 2928 2450 2982 Jahr
2485 2927 2575 2981 fiir
2610 2928 2748 2982 Jahr
2783 2946 2880 2980 zu-

414 3018 931 3086 sammengebracht
951 3018 1190 3084 warde«,
1212 3022 1277 3073 ut
1295 3037 1397 3088 ego
1417 3020 1633 3088 opinor:
1653 3019 1928 3073 tributum
1948 3018 2072 3086 [aut
2092 3017 2389 3086 quotannis
2419 3021 2519 3072 aut
2557 3016 2885 3071 constitutis:

413 3109 639 3160 tantum
667 3108 1006 3175 temporibus
1045 3108 1136 3163 (cf.
1182 3109 1393 3162 ›Wien.
1430 3108 1618 3163 Stud.‹
1652 3108 1758 3162 VII
1789 3107 1901 3176 56)]
1939 3107 2230 3175 inquilinis
2261 3107 2600 3176 impositum,
2635 3123 2745 3175 quo
2772 3105 2883 3162 im·-

413 3212 618 3265 pensae
662 3197 857 3252 fierent
893 3197 953 3250 in
1002 3198 1495 3252 armamentarium
1523 3201 1693 3266 atque
1720 3197 1946 3252 navalia
1971 3196 2331 3261 restituenda,
2361 3214 2428 3250 ex
2456 3196 2656 3264 quibus
2683 3200 2880 3251 tamen

417 3281 520 3345 ἐἷς
557 3286 621 3336 τὰ
659 3282 861 3336 δέοντα«
904 3303 1122 3357 quoque
1158 3286 1427 3356 pecuniae
1463 3305 1498 3341 a
1534 3286 1738 3356 populo
1775 3290 2035 3356 erogatae
2072 3289 2203 3339 sunt
2243 3285 2331 3352 [cf.
2372 3286 2640 3340 Thumser
2692 3303 2745 3354 p.
2810 3286 2882 3338 17

412 3375 539 3428 adn.
571 3376 631 3439 33
661 3374 954 3431 Schubert:
990 3376 1088 3430 »de
1115 3376 1381 3445 proxenia
1410 3377 1560 3430 Ata«
1603 3376 1767 3444 (Lips.
1813 3374 1975 3441 1881)
2014 3393 2067 3444 p.
2105 3376 2205 3438 51;
2244 3374 2311 3428 cf.
2349 3374 2417 3428 de
2462 3375 2568 3428 hac
2602 3391 2660 3429 re
2701 3374 2878 3429 etiam

410 3464 679 3518 Schenkl:
722 3465 982 3519 »Wiener
1035 3465 1221 3519 Stud.«
1280 3465 1336 3519 11
1376 3465 1520 3532 188].
1612 3466 1764 3531 Quae
1819 3465 2090 3534 pecuniae
2136 3464 2196 3517 in
2244 3476 2367 3518 arce
2412 3483 2447 3517 a
2492 3465 2884 3532 quaestoribus

409 3551 694 3607 Minervae
732 3552 1153 3607 administratae
1190 3556 1336 3617 sunt,
1374 3571 1500 3608 cum
1537 3557 1726 3608 autem
1757 3554 1992 3623 populus
2017 3553 2257 3622 simplici
2285 3552 2660 3621 psephismate
2688 3552 2884 3615 (venia.

408 3641 655 3711 rogatori
692 3658 803 3694 non
839 3642 1001 3708 data)
1038 3642 1125 3695 his
1161 3642 1410 3711 pecuniis
1449 3661 1577 3696 usus
1615 3643 1705 3707 sit,
1742 3643 1953 3697 reditus
1990 3643 2138 3706 deae,
2177 3641 2234 3695 id
2262 3641 2409 3709 quod
2437 3641 2634 3695 Hartel
2654 3643 2778 3696 vult
2808 3641 2869 3710 [1.

408 3729 490 3797 l.],
511 3747 627 3785 esse
644 3748 752 3787 non
771 3734 1000 3798 possunt
1020 3729 1104 3798 [cf.
1122 3731 1339 3785 Gilbert
1357 3732 1382 3784 Ι
1401 3749 1453 3800 p.
1470 3733 1641 3798 32112,
1655 3731 1731 3799 4].
1766 3732 1871 3786 Hic
1889 3735 2076 3786 autem
2096 3731 2299 3785 dixerit
2316 3730 2595 3799 quispiam
2609 3731 2882 3799 pecunias

408 3815 616 3889 εἰσφορᾷ
654 3816 886 3874 collatas
924 3821 1142 3890 saepius
1186 3817 1286 3880 »εἰς
1324 3819 1419 3890 τὴν
1457 3817 1727 3891 &oia-qam«
1771 3820 2051 3875 adhibitas
2088 3837 2218 3875 esse.
2302 3820 2408 3874 Sed
2444 3820 2598 3874 illam
2646 3820 2871 3887 inquili-

406 3926 607 3962 norum
646 3905 880 3977 εἰσφσράν
917 3939 987 3946 —-
1025 3927 1258 3977 quorum
1297 3906 1534 3979 εἰσφοράς
1571 3910 1796 3964 omnino
1833 3928 1867 3963 a
1904 3910 2108 3963 civium
2137 3910 2365 3963 tributis
2395 3909 2756 3962 Athenienses
2784 3927 2881 3963 ac·-

406 4001 600 4052 curate
655 3997 970 4052 distinxisse
1020 3998 1203 4061 tituli,
1255 3998 1455 4066 quibus
1509 3999 1732 4053 isotelia
1785 3998 2090 4068 peregrinis
2146 4000 2327 4061 datur,
2383 3998 2580 4052 docent
2612 3997 2700 4065 (cf.
2741 4015 2785 4052 e.
2825 4017 2869 4052 c.

406 4087 553 4142 CJA.
575 4087 629 4141 II
654 4087 770 4153 121,
792 4088 878 4141 27.
908 4088 1020 4150 176,
1042 4089 1100 4141 31
1126 4110 1138 4153 ;
1169 4089 1236 4142 cf.
1257 4087 1427 4143 etiam
1455 4087 1667 4143 »Wiem
1688 4088 1876 4142 stud«
1900 4087 1955 4141 II
1977 4105 2030 4156 p.
2060 4088 2185 4156 1913
2213 4086 2346 4141 ibid.
2360 4087 2467 4140 VII
2486 4087 2597 4153 65).
2624 4116 2682 4123 —
2708 4088 2778 4141 ab
2806 4104 2882 4142 ea-

405 4176 797 4230 secernendam
815 4192 928 4230 esse
944 4184 1099 4245 put0,
1122 4194 1264 4244 quae
1294 4177 1365 4230 ad
1393 4176 1601 4231 bellum
1629 4177 1931 4246 gerendum
1961 4177 2166 4230 collata
2192 4179 2298 4238 est;
2317 4175 2397 4234 cf.
2434 4176 2646 4229 »Wien.
2676 4176 2865 4230 Stude

405 4264 515 4318 VII
537 4267 620 4319 56.
660 4265 775 4318 Hoc
792 4265 954 4320 modo
973 4265 1361 4333 explicandum
1379 4265 1618 4329 videtur,
1634 4265 1781 4333 quod
1801 4265 1968 4319 semel
1987 4265 2264 4335 peregrini
2285 4264 2496 4318 Sidonii
2519 4265 2754 4319 Athenis
2773 4265 2878 4319 ha-

404 4353 656 4407 bitantes
675 4353 840 4406 huius
859 4353 1058 4407 tributi
1077 4354 1350 4408 immunes
1367 4354 1506 4409 facti
1523 4357 1656 4408 sunt
1667 4377 1679 4419 ;
1702 4354 1767 4410 cf.
1791 4354 1861 4409 Ο]
1869 4355 1931 4408 Α.
1952 4354 2009 4408 II
2028 4355 2113 4408 86.
2152 4354 2394 4419 Accedit,
2415 4353 2560 4421 quod
2580 4354 2641 4407 hi
2659 4354 2878 4409 Sidonii

408 4459 519 4495 non
539 4445 908 4496 metoecorum
928 4442 1108 4496 ordini
1129 4443 1392 4512 adscripti
1414 4443 1647 4498 Athenis
1667 4443 2017 4508 habitabant,
2040 4444 2134 4497 sed
2152 4443 2477 4512 negotiandi
2505 4460 2671 4498 causa
2700 4444 2878 4498 Athe--

404 4548 506 4585 nas
534 4531 767 4599 profecti
794 4548 892 4600 per
918 4531 1080 4586 breve
1110 4533 1372 4601 temporis
1402 4532 1645 4601 spatium
1674 4532 1753 4585 ibi
1782 4533 2274 4597 commorabantur,
2313 4532 2370 4585 id
2400 4532 2547 4600 quod
2563 4531 2801 4587 Schenkl
2833 4532 2869 4587 1.

404 4619 443 4673 l.
473 4619 528 4672 ΙΙ
555 4637 609 4688 p.
643 4619 743 4673 189
780 4619 1052 4689 probavit.
1083 4650 1153 4658 —
1184 4620 1440 4675 Ceterum
1469 4621 1708 4675 Schenkl
1745 4621 2031 4676 contendit
2066 4621 2318 4675 Sidonios
2353 4621 2480 4675 illos
2516 4639 2627 4676 non
2664 4618 2880 4691 εἰσφορᾷ

404 4708 666 4763 liberatos
695 4725 810 4763 esse
837 4725 934 4778 per
961 4708 1336 4778 privilegium,
1369 4709 1461 4763 sed
1491 4709 1680 4778 populi
1720 4709 1938 4764 decreto
1974 4710 2332 4764 interdictum
2370 4726 2502 4776 esse,
2544 4727 2645 4763 »ne
2681 4727 2872 4764 eorum
