3567 5392
1862 390 1948 449 94

674 581 884 666 pulu8‚
933 601 1228 665 quaeras,
1321 582 1506 648 Fecit
1561 582 1630 647 id
1686 581 1966 667 populus
2026 581 2340 665 religione
2403 588 2634 647 motus.
2743 579 3130 663 Antiquissi-

671 708 921 753 morum
985 689 1154 754 enim
1211 696 1568 773 temporum
1640 689 1939 755 civitates
2005 709 2147 753 cum
2212 688 2561 753 societates
2631 688 2933 772 publicae
2998 695 3131 751 tum

673 815 904 860 sacrae
979 795 1249 879 fuerunt,
1309 815 1477 878 quae
1534 795 1799 862 eosdem
1857 794 2017 861 deos
2082 796 2398 860 colebant.
2509 794 2708 860 Cuius
2775 812 3130 877 congrega-

673 901 873 966 tionis
923 910 987 968 et
1034 903 1503 968 coniunctionis
1552 903 1618 967 in
1665 923 1735 968 re
1780 903 2044 987 publica
2091 902 2389 986 populari
2450 901 2759 968 sacerdos
2814 902 3133 967 maximus

671 1009 895 1092 populi
945 1010 1159 1074 contio
1210 1015 1326 1094 est,
1376 1029 1543 1092 quae
1589 1030 1718 1074 non
1763 1008 1955 1073 modo
2014 1009 2115 1074 ius
2170 1009 2517 1073 humanum
2585 1008 2700 1075 sed
2768 1009 2964 1074 etiam
3028 1008 3131 1073 ius

665 1115 953 1180 divinum
1001 1123 1231 1181 tuetur.
1290 1116 1464 1180 Inter
1509 1122 1863 1201 praecepta
1910 1122 2126 1180 autem
2165 1115 2340 1181 Iovis
2371 1122 2471 1181 est
2499 1114 2637 1200 hoc,
2667 1135 2748 1179 ne
2779 1115 3134 1200 supplex¹)

671 1223 980 1304 violeturz,
1031 1223 1252 1304 itaque
1299 1222 1356 1287 si
1413 1222 1558 1305 quis
1623 1222 1690 1287 in
1753 1222 1959 1287 tutela
2024 1220 2168 1294 Διὸς
2220 1220 2447 1287 ἱκεσίου
2514 1228 2632 1306 est,
2694 1222 3001 1306 populum
3050 1204 3132 1286 ‘in

671 1350 817 1394 eum
866 1329 937 1394 id
984 1329 1313 1405 adhibere,
1365 1329 1538 1411 quod
1568 1328 1804 1395 Graeci
1850 1348 2009 1393 voce
2057 1326 2258 1401 αἰδοῦς
2307 1328 2694 1412 significant,
2741 1329 2969 1411 religio
3008 1335 3126 1394 est.

999 1436 1130 1502 Sed
1179 1436 1266 1500 ad
1312 1456 1447 1501 rem
1494 1436 1896 1521 propositam
1944 1442 2355 1512 revertamur.

856 1542 1175 1619 Quoniam
1205 1543 1785 1609 demonstravimus
1818 1544 1908 1626 (p.
1945 1545 2053 1620 90>
2084 1540 2311 1616 ἄδειαν,
2361 1542 2541 1608 cuius
2602 1542 2668 1606 in
2714 1541 2974 1607 indiciis
3023 1540 3130 1607 de-

671 1649 964 1716 ferendis
996 1651 1345 1734 scriptores
1372 1651 1760 1715 mentionem
1817 1649 2077 1732 faciunt,
2134 1670 2260 1713 non
2319 1647 2686 1731 significare
2740 1655 3128 1733 potestatem

669 1756 850 1841 apud
895 1758 1202 1842 populum
1248 1758 1449 1823 verba
1497 1756 1781 1823 faciendi
1829 1757 1931 1821 vel
1979 1755 2314 1821 indicandi
2352 1754 2573 1821 delicti
2601 1755 2860 1840 publice
2891 1755 3130 1840 datam,

667 1863 760 1927 ad
815 1863 1012 1928 aliam
1065 1884 1197 1930 rem
1246 1864 1362 1928 illa
1419 1864 1742 1949 pertineat
1798 1882 2067 1928 necesse
2126 1869 2242 1928 est.
2344 1863 2441 1927 Ac
2496 1862 2814 1928 Thumser
2869 1861 3130 1945 quidem

667 1969 818 2053 [„de
856 1971 975 2035 civ.
1020 1970 1165 2036 Ath.
1195 1970 1602 2036 muneribus“
1634 1991 1695 2054 p.
1736 1971 1863 2054 21],
1891 1970 2002 2052 qui
2028 1969 2273 2053 primus
2303 1969 2385 2033 de
2432 1969 2556 2034 hac
2603 1989 2672 2035 re
2721 1969 2926 2035 fusius
2975 1969 3125 2053 egit,

667 2076 1117 2142 demonstrare
1165 2085 1266 2142 est
1313 2083 1584 2143 conatus
1631 2076 1939 2161 populum
1986 2076 2116 2141 illis
2176 2074 2539 2141 hominibus
2595 2075 3132 2160 impunitatem

667 2182 954 2248 delicti
1014 2185 1397 2250 commissi
1456 2183 1761 2267 largitum
1809 2204 1983 2266 esse,
2048 2188 2389 2267 postquam
2447 2182 2642 2249 Blass
2690 2182 2918 2247 Goetzi
2966 2202 3132 2247 com-

669 2291 1130 2355 mentationem
1176 2290 1361 2375 [„der
1388 2289 2227 2375 Hermokopidenprocess“
2269 2289 2336 2352 in
2374 2290 2595 2355 Jahrb.
2636 2289 2676 2354 f.
2713 2289 2919 2355 klass.
2957 2289 3122 2355 Phil.

671 2396 899 2481 Suppl.
931 2398 1085 2461 VIII
1131 2420 1192 2482 p.
1245 2400 1374 2464 535
1415 2398 1572 2482 sqq]
1621 2416 1965 2462 recensens
2017 2397 2221 2480 [„Jen.
2263 2396 2599 2481 Lit.-Ztg.“
2649 2400 2813 2463 1877
2863 2418 2924 2482 p.
2978 2397 3126 2480 154]

671 2503 1021 2569 Hermanni
1071 2511 1136 2569 et
1182 2504 1409 2570 Goetzi
1466 2524 1741 2569 errorem
1800 2503 2273 2569 animadvertit.
2286 2502 2339 2589 2)
2452 2504 2665 2588 Atque
2720 2503 2920 2569 Meier
2978 2504 3031 2587 [„
3045 2502 3127 2568 de

671 2612 815 2676 bon.
874 2610 1124 2676 damn.“
1186 2632 1247 2694 p.
1306 2613 1429 2678 135
1486 2609 1635 2677 adn.
1682 2610 1838 2694 445]
1900 2610 2030 2675 iam
2103 2617 2345 2676 rectum
2402 2610 2741 2689 intellexit,
2801 2609 2973 2692 quod
3029 2609 3130 2675 his

664 2717 884 2783 verbis
961 2716 1153 2781 dixit:
1217 2771 1275 2784 ..
1306 2738 1522 2795 .„cum
1584 2769 1598 2784 .
1630 2770 1643 2784 .
1674 2717 1903 2784 ‚index
1963 2770 1978 2784 .
2008 2717 2322 2785 ‚criminis
2393 2717 2606 2783 socius
2674 2737 2821 2783 esse
2887 2722 3129 2800 posset,

665 2823 791 2906 cui,
842 2824 898 2889 si
934 2842 1111 2897 ’vera
1170 2824 1499 2890 indicasse
1554 2824 1891 2907 iudicetur,
1939 2823 2107 2888 ἄδεια
2145 2825 2185 2888 1.
2229 2846 2283 2892 e.
2322 2824 2745 2909 impunitas
2788 2822 3125 2888 dabatur.“

667 2930 1010 2995 Postremo
1032 2939 1245 2996 autem
1275 2951 1411 2995 rem
1441 2938 1613 2996 recte
1645 2931 1946 3015 exposuit
1981 2931 2240 3015 Lipsius
2271 2931 2472 3015 [„Der
2502 2930 2779 2996 attische
2809 2931 3125 2996 Process“

667 3058 736 3120 p.
785 3037 1024 3122 330].³)
1120 3037 1252 3103 Sed
1300 3045 1369 3102 ut
1415 3058 1517 3103 res
1567 3037 1982 3122 disceptetur,
2030 3039 2398 3104 accuratius
2446 3038 2513 3103 in
2560 3038 2902 3103 nonnullos
2948 3039 3128 3103 locos

671 3142 799 3207 huc
846 3144 1243 3228 pertinentes
1292 3145 1613 3228 inquirere
1660 3144 1816 3209 mihi
1864 3145 1928 3209 in
1977 3145 2190 3209 animo
2241 3151 2361 3212 est.

855 3264 1105 3341 Ἀδείας
1171 3269 1335 3334 6111111
1401 3269 1576 3335 illius
1647 3271 1945 3355 exempla
2010 3291 2140 3335 non
2204 3291 2417 3356 pauca
2481 3269 2891 3334 inveniuntur
2954 3267 3130 3353 apud

669 3381 967 3441 oratores
1039 3376 1320 3460 Atticos,
1396 3377 1746 3461 praecipue
1825 3377 2002 3461 apud
2066 3377 2467 3443 Andocidem
2540 3378 2605 3442 in
2681 3376 2969 3441 oratione
3047 3375 3129 3440 de

673 3482 1003 3564 mysteriis
1067 3481 1309 3550 habita.
1427 3484 1554 3550 Ubi
1622 3488 1688 3565 (ἓ
1760 3482 1870 3570 11)
1936 3484 2334 3569 Pythonicus
2400 3484 2661 3566 quidam
2722 3483 2788 3548 in
2850 3482 3129 3548 comitiis

859 3658 897 3728 ¹)
936 3660 1016 3712 De
1054 3661 1392 3729 supplicibus
1440 3661 1507 3716 cf.
1557 3678 1602 3715 e.
1652 3680 1695 3716 c.
1736 3662 1904 3716 Thuc.
1944 3662 2022 3715 IV
2062 3662 2144 3716 98.
2237 3663 2318 3716 De
2375 3661 2650 3730 asylorum
2706 3660 3004 3715 sanctitate
3059 3659 3127 3713 cf.

659 3749 1035 3804 Schoemann:
1072 3750 1364 3818 »Antiqm«
1398 3769 1450 3820 p.
1479 3752 1609 3815 3763
1631 3750 1691 3804 in
1723 3750 2040 3805 universum
2077 3752 2143 3806 cf.
2184 3751 2250 3806 de
2288 3752 2479 3821 asylis:
2521 3751 2814 3806 Caillemer
2849 3750 2908 3803 in
2953 3749 3127 3804 »Dict.

663 3838 763 3892 des
800 3838 1044 3906 antiqua:
1087 3840 1114 3893 I
1133 3840 1239 3893 505
1276 3857 1393 3907 sqq.
1434 3857 1474 3894 s,
1515 3857 1566 3892 v.
1597 3836 1794 3892 ἀσυλία.

854 3943 896 4011 ²)
935 3947 1089 4001 Blass
1122 3947 1157 4000 l.
1196 3947 1233 3999 l.
1272 3947 1409 4001 haec
1445 3947 1605 4001 dicit:
1651 3946 1819 4000 »Eine
1856 3947 2314 4016 Ungenauigkeit
2349 3947 2545 4001 andrer
2589 3947 2691 4000 Art
2729 3946 2803 4000 ist
2840 3964 2892 4015 p.
2927 3946 3126 4010 553,5:

663 4034 939 4089 *Freunde
977 4035 1055 4102 (id
1092 4039 1335 4090 erratum
1375 4035 1842 4105 typographicum
1879 4036 2264 4105 corrigendum
2299 4038 2384 4090 est
2420 4036 2609 4090 verbo:
2655 4035 2969 4100 »Fremde‹)
3015 4034 3130 4087 und

670 4122 912 4177 Sklaven
967 4125 1277 4190 bedurften‚
1335 4142 1495 4180 wenn
1550 4126 1628 4180 sie
1687 4126 1775 4179 die
1831 4125 2073 4194 Anzeige
2126 4142 2234 4179 von
2294 4125 2475 4179 61116111
2529 4124 2618 4179 die
2673 4123 2981 4179 Sicherheit
3035 4124 3129 4177 des

657 4212 886 4267 Staates
924 4214 1305 4269 bedrohenden
1341 4215 1687 4269 Verbrechen
1735 4232 1799 4268 zu
1851 4215 2083 4269 macheu
2119 4214 2335 4278 hatten,
2394 4213 2533 4268 dazu
2582 4214 2677 4268 der
2721 4209 2898 4266 ἄδεια.’
2974 4213 3126 4265 Doch

666 4319 776 4357 nur
812 4301 1052 4359 insofern
1091 4303 1169 4356 sie
1206 4302 1342 4359 sich.
1360 4304 1530 4357 selbst
1567 4303 1648 4358 als
1686 4303 1946 4372 beteiligt
1984 4302 2254 4372 anga‘ben,
2302 4303 2411 4356 und
2464 4302 2611 4357 diese
2659 4299 2802 4353 ἄδεια
2839 4319 2954 4355 war
3001 4301 3126 4354 dem

667 4390 881 4459 Bfirger
920 4390 1233 4445 Andokides
1270 4391 1359 4445 bei
1397 4391 1574 4446 seiner
1609 4392 1851 4461 Anzeige
1889 4392 2046 4446 nicht
2082 4392 2297 4447 minder
2332 4391 2543 4461 ustaig«.

852 4494 894 4561 ⁸)
934 4497 1002 4552 cf.
1061 4494 1422 4567 Frohbergeri
1471 4499 1655 4554 adnot.
1703 4499 1776 4552 ad
1821 4499 1942 4568 LyS.
1992 4498 2125 4552 XIII
2171 4500 2239 4553 55
2280 4498 2644 4568 [Frohberger
2687 4497 2770 4552 ed.
2818 4498 2943 4566 LyS.
2987 4499 3127 4552 orat.

665 4584 761 4639 sel.
797 4586 907 4642 vol.
944 4583 1000 4639 1²
1038 4586 1205 4655 (Lips.
1251 4585 1458 4654 1880)];
1506 4587 1573 4642 cf.
1626 4586 1800 4642 etiam
1846 4604 1928 4653 ea,
1976 4605 2121 4656 quae
2156 4588 2422 4642 Valeton:
2460 4588 2814 4656 Mnemosyne
2850 4605 2904 4640 n.
2943 4605 2983 4641 ε.
3024 4586 3127 4639 XV

661 4693 718 4743 p.
756 4676 791 4729 2
828 4675 895 4730 de
933 4676 1038 4730 hac
1073 4693 1131 4731 re
1168 4675 1409 4731 breviter
1446 4677 1698 4732 adnotat.
