3567 5392
1839 427 1964 491 106

668 621 879 686 secius
944 622 1279 686 etiamtum
1344 620 1655 704 omnibus,
1720 621 1831 703 qui
1893 621 2126 685 itinera
2186 620 2530 702 faciebant,
2598 639 2827 704 parum
2888 621 3128 686 securi·

668 728 823 792 tatis
871 727 1008 805 fuit,
1026 727 1073 812 ¹)
1130 728 1256 793 nisi
1315 728 1397 793 iis
1452 727 1801 813 privilegia
1865 726 2188 809 quaedam
2256 733 2439 792 erant
2507 727 2814 810 irrogata.
2922 728 3129 793 Erant

666 841 885 900 autem
939 834 1102 900 haec
1155 835 1503 919 privilegia
1565 835 1775 906 ἀδείας
1821 833 2003 916 (fidei
2049 834 2399 920 publicae),
2449 833 2802 918 ἀσφαλείας,
2852 834 3127 910 ἀσυλίας,

668 962 838 1025 quae
885 961 1029 1007 cum
1074 942 1141 1006 in
1189 948 1448 1008 exteras
1495 941 1813 1025 civitateS,
1843 948 1914 1007 ut
1958 942 2052 1007 ita
2100 940 2332 1026 dicam,
2380 941 2631 1007 aditum
2676 942 3127 1026 patefecerunt

667 1054 929 1130 tutoque
959 1048 1363 1115 commeandi
1393 1048 1767 1114 facultatem
1790 1047 2121 1133 dederunt,
2141 1054 2276 1113 tum
2294 1068 2600 1131 magnam
2622 1047 2708 1113 ad
2730 1049 3129 1116 excolendas

668 1164 863 1235 artes,
910 1154 1224 1240 imprimis
1272 1163 1474 1221 artem
1523 1156 1867 1239 scenicam,
1912 1155 2043 1220 vim
2092 1154 2470 1222 habuerunt.
2543 1156 2904 1241 Praecipue
2952 1157 3123 1222 enim

667 1262 1078 1346 privilegium
1126 1262 1331 1335 ἀδείας
1373 1262 1796 1328 histrionibus
1844 1261 2066 1327 datum
2114 1269 2230 1347 est,
2277 1269 2346 1326 ut
2400 1262 2483 1328 iis
2540 1263 2703 1327 artis
2757 1263 2824 1327 in
2884 1264 3130 1330 exteris

668 1369 933 1435 urbibus
971 1369 1375 1434 exercendae
1423 1389 1625 1435 causa
1674 1369 1815 1434 sine
1862 1369 1992 1434 ullo
2038 1369 2326 1453 periculo
2365 1368 2600 1434 itinera
2639 1369 2855 1435 facere
2883 1369 3126 1435 liceret.

670 1475 770 1541 De
848 1496 973 1560 quo
1039 1476 1381 1560 privilegio
1450 1475 1803 1541 scholiasta
1874 1475 1960 1540 ad
2028 1475 2488 1541 Demosthenis
2554 1476 2914 1542 orationem
2965 1476 3126 1541 XIX

668 1582 753 1666 [p.
812 1584 965 1667 335]
1021 1583 1183 1648 haec
1238 1583 1424 1648 dicit:
1484 1579 1645 1648 οὗτοι
1703 1587 1822 1664 (sc.
1889 1581 2325 1671 Ἀριστόδημος
2388 1586 2449 1648 δὲ
2522 1587 2628 1649 καὶ
2700 1581 3132 1670 Νεοπτόλεμος

666 1686 1004 1774 ὑποκριταί)
1054 1694 1150 1755 διὰ
1195 1696 1301 1777 τὴν
1356 1688 1583 1757 οἰκείαν
1635 1697 1856 1777 τέχνην
1901 1690 2101 1755 ἄδειαν
2158 1689 2325 1777 εἶχον
2381 1689 2610 1755 ἀπιέναι
2664 1688 2798 1755 ὅποι
2855 1688 2930 1756 ἀν
2986 1693 3127 1773 βού-

667 1799 901 1876 λωνται,
961 1797 1119 1862 ἀλλὰ
1175 1800 1248 1883 δὴ
1304 1801 1410 1862 καὶ
1463 1802 1615 1882 πρὸς
1668 1801 2006 1885 πολεμίους,
2068 1805 2132 1862 et
2186 1796 2658 1863 Demosthenes
2714 1796 2858 1882 ipse
2914 1797 2993 1880 [V
3031 1798 3124 1881 6]:

667 1906 919 1969 κατιδὼν
974 1903 1403 1992 Νεοπτόλεμον
1467 1909 1568 1971 τὸν
1625 1901 1949 1990 ὃποκριτὴν
2010 1917 2090 1988 τῷ
2146 1910 2249 1991 μὲν
2302 1917 2413 1992 τῆς
2467 1911 2686 1991 τέχνης
2742 1912 3127 1992 προσχήματι

674 2012 1018 2098 τυγχάνοντ’
1075 2011 1311 2084 ἀδείας.
1358 2062 1372 2077 .
1421 2062 1435 2077 .
1483 2011 1535 2095 [,,
1552 2032 1692 2076 cum
1738 2011 2219 2096 perspexissem
2265 2010 2760 2095 Neoptolemum
2816 2010 3126 2077 artificem

668 2138 786 2205 per
850 2119 1132 2202 speciem
1199 2119 1359 2184 artis
1426 2117 1623 2183 fidem
1690 2118 2018 2202 publicam
2086 2115 2253 2204 (sive
2310 2118 2811 2198 sanctitatem)²)
2867 2123 3126 2183 nactum

672 2225 792 2303 (rei
847 2226 1146 2309 publicae
1193 2246 1346 2290 vero
1400 2226 1680 2291 maxime
1735 2225 2102 2309 perniciosa
2157 2225 2526 2290 molientem
2581 2245 2815 2309 resque
2870 2232 3129 2291 vestras

674 2350 754 2393 ex
800 2352 869 2394 re
916 2333 1203 2417 Philippi
1249 2332 1810 2398 administrantem
1859 2340 1921 2398 et
1977 2338 2332 2417 regentem,
2387 2333 2601 2418 prodii
2659 2342 2724 2399 et
2778 2331 2962 2397 vobis
3020 2352 3127 2397 ex-

671 2439 889 2521 posui.
921 2439 1116 2521 .)“].³)
1207 2439 1647 2505 Histrionibus
1703 2440 1901 2522 igitur
1954 2439 2234 2506 hostium
2291 2460 2543 2523 quoque
2596 2440 2789 2505 urbes
2851 2440 2920 2503 in
2981 2438 3129 2525 ipso

671 2544 840 2609 bello
917 2544 1099 2610 adire
1174 2544 1434 2632 licuit,⁴=)
1511 2566 1651 2610 cum
1727 2547 1809 2611 iis
1886 2546 2091 2619 ἀδείας
2162 2547 2570 2631 privilegium
2644 2546 2867 2611 datum
2932 2553 3124 2612 esset.

673 2649 862 2727 Quod
927 2672 1069 2717 cum
1144 2652 1302 2718 artis
1377 2653 1591 2736 gratia
1665 2653 1909 2719 factum
1984 2659 2083 2718 est
2155 2660 2288 2718 tum
2360 2654 2641 2718 maxime
2715 2639 2918 2737 ideos
2955 2651 3127 2736 quod

674 2758 1019 2823 histriones
1102 2760 1169 2824 in
1254 2759 1561 2824 honorem
1632 2760 1875 2824 Bacchi
1949 2760 2181 2825 itinera
2255 2760 2544 2825 fecerunt
2619 2766 2951 2842 artemque
3024 2779 3125 2824 co·

674 2865 1002 2941 luerunt.⁵)
1128 2866 1311 2931 Haec
1386 2867 1554 2930 enim
1628 2873 1885 2932 vetusta
1962 2867 2178 2951 opinio
2255 2874 2371 2950 est,
2447 2887 2576 2949 qua
2653 2863 2747 2944 „oi
2818 2869 2956 2950 περὶ
3025 2869 3129 2930 τὸν

672 2971 984 3038 Διόνυσον“
1073 2971 1190 3058 (sc.
1257 2976 1536 3060 τεχνῖται)
1551 2973 1602 3059 ⁶)
1686 2974 1751 3038 in
1835 2974 1978 3058 ipso
2055 2973 2473 3057 collegiorum
2556 2973 2813 3038 nomine
2885 2970 3130 3037 Bacchi

673 3079 1034 3163 patrocinio
1117 3079 1487 3163 gloriantur.
1503 3080 1550 3160 ⁷)
1689 3080 1870 3146 Deus
1955 3080 2151 3164 igitur
2233 3079 2515 3145 artifices
2600 3080 2895 3146 scenicos
2966 3084 3128 3143 tam-

674 3206 869 3268 quam
945 3186 1320 3252 sacerdotes
1393 3207 1546 3253 suos
1619 3195 1847 3272 tuetur,
1923 3195 1986 3252 et
2058 3188 2357 3255 civitates
2430 3181 2849 3254 histrionibus
2924 3186 3131 3260 ἀδείας

860 3382 903 3449 ¹)
941 3382 1008 3436 V.
1047 3400 1212 3451 supra
1247 3402 1301 3451 p.
1345 3383 1440 3438 101
1481 3401 1559 3451 sq.

857 3469 900 3537 2)
937 3472 1019 3524 De
1065 3472 1171 3525 hac
1204 3473 1458 3526 vocabuli
1502 3473 1727 3527 notione
1774 3474 1841 3527 cf.
1886 3473 2175 3528 Thumser:
2240 3473 2337 3527 »de
2382 3473 2485 3527 civ.
2536 3473 2667 3528 Ath.
2725 3490 2907 3526 muns
2958 3490 3010 3541 p.
3059 3471 3124 3525 21

677 3560 801 3614 adn.
841 3560 891 3612 2.

857 3645 901 3715 ⁸)
940 3648 1006 3702 cf.
1045 3649 1201 3704 Dem.
1241 3650 1291 3702 V
1332 3650 1365 3703 8
1405 3649 1471 3718 [v.
1512 3649 1585 3703 ad
1613 3650 1666 3703 h.
1705 3651 1742 3705 l.
1781 3650 1996 3704 Reiskii
2032 3650 2247 3705 Indices
2286 3650 2621 3705 Graecitatis
2657 3649 2718 3703 in
2754 3650 2993 3704 oratores
3030 3650 3131 3702 At-

673 3738 811 3792 ticos
847 3737 876 3790 I
922 3736 1142 3800 (Oxonii
1187 3739 1343 3804 1828)
1389 3756 1429 3795 s.
1475 3756 1527 3793 v.
1577 3735 1766 3806 ἄδεια];
1813 3740 2042 3794 Liiders:
2086 3739 2221 3794 »Die
2257 3740 2481 3808 Dionys.
2529 3739 2824 3793 Kiinstler‹
2873 3756 2927 3807 p.
2967 3738 3034 3791 55
3072 3738 3135 3790 et

676 3827 802 3881 adn.
847 3826 949 3881 106
961 3849 974 3892 ;
1029 3828 1290 3882 Foucart:
1342 3828 1440 3883 »de
1468 3828 1715 3897 collegiis
1750 3828 2087 3883 scenicorum
2133 3829 2407 3883 artificum
2455 3828 2601 3897 apud
2648 3827 2911 3882 Graecos«
2954 3824 3133 3891 (Paris

680 3915 838 3982 1873)
874 3934 928 3985 p.
967 3916 1052 3970 81.
1091 3917 1178 3970 46.
2244 3944 2247 3947 ·

857 4004 902 4069 ⁴)
939 4006 1087 4060 Nam
1126 4005 1398 4074 Apollinis
1434 4004 1606 4074 ipsius
1643 4006 1927 4060 oraculum
1962 4005 2260 4075 praecepit,
2298 4009 2363 4060 ut
2400 4005 2541 4060 liber
2586 4008 2645 4059 et
2691 4006 2848 4060 tutus
2894 4002 3132 4072 singulis

675 4093 825 4148 inter
860 4094 1068 4149 alienos
1106 4097 1441 4150 commeatus
1478 4098 1635 4150 esset.
1709 4095 1775 4148 In
1813 4095 1999 4163 lapide
2038 4095 2169 4149 Teio
2209 4094 2370 4163 [OJG.
2408 4113 2462 4149 n.
2493 4095 2632 4149 3067
2661 4112 2713 4148 v.
2750 4092 2974 4161 17—19]
3012 4108 3130 4146 ora·

676 4184 802 4237 cula
837 4187 1227 4250 memorantur,
1276 4185 1475 4253 quibus
1523 4184 1717 4239 Graeci
1764 4184 2011 4239 obsecuti
2057 4184 2294 4239 scenicos
2349 4183 2586 4238 artifices
2640 4201 2767 4238 cum
2818 4199 2954 4251 pace
3005 4184 3132 4236 tum

674 4272 819 4327 bello
855 4275 1009 4327 tutos
1045 4276 1103 4328 et
1148 4274 1445 4328 inviolatos
1492 4290 1607 4328 esse
1649 4273 1892 4327 universi
1938 4272 2241 4336 iusserunt;
2290 4273 2355 4328 cf.
2396 4273 2658 4327 Foucart:
2704 4272 2801 4327 »de
2846 4270 3126 4341 collegiis«

675 4380 729 4430 p.
770 4362 1008 4427 32-44;
1047 4362 1250 4417 Liiders
1287 4363 1325 4416 l.
1361 4363 1398 4417 1.
1436 4381 1490 4431 p.
1530 4363 1615 4416 80.

858 4449 902 4519 ⁶)
940 4452 1006 4505 cf.
1044 4452 1309 4505 Foucart:
1354 4451 1452 4505 »de
1487 4451 1766 4521 collegiis«
1809 4470 1862 4520 p.
1909 4454 1953 4506 1.
1994 4452 2065 4506 30
2099 4469 2218 4521 sqq.

855 4537 899 4606 ⁶)
937 4540 1003 4594 cf.
1054 4539 1258 4593 Liiders
1301 4558 1355 4608 p.
1396 4539 1479 4593 58.
1520 4541 1585 4594 61
1635 4540 1762 4593 adn.
1813 4541 1940 4605 1143
1998 4542 2234 4596 Foncart
2281 4542 2317 4595 1.
2366 4543 2402 4595 1.
2450 4559 2503 4610 p.
2553 4541 2586 4594 6
2632 4544 2692 4595 et
2737 4539 2864 4594 adn.
2912 4538 2970 4603 23
3027 4536 3129 4590 Th.

674 4629 884 4698 Bergk:
928 4629 1050 4684 »Gn
1089 4628 1585 4698 Literaturgesch.«
1626 4630 1708 4683 III
1748 4629 1817 4683 92
1852 4633 1969 4685 not.
2011 4632 2131 4686 320.
2160 4629 2172 4700 Ι

856 4716 899 4786 ⁷)
935 4719 1170 4773 Foucart
1207 4719 1242 4772 1.
1274 4718 1309 4772 l.
1349 4737 1401 4788 p.
1447 4719 1527 4773 18.
1566 4718 1635 4772 32
1675 4736 1753 4786 sq.
