3567 5392
1898 412 1985 477 62

710 606 956 672 bellum
1012 605 1482 691 pertinentibus
1544 613 1810 691 praesto
1884 604 2005 671 fuit
2068 613 2183 671 aut
2244 605 2539 691 pecuniis
2605 607 3037 691 ,,διοικήσεως“
3102 604 3170 669 in

724 714 892 778 bello
977 712 1373 797 consumptis
1456 713 1754 778 lacunam
1837 712 2256 797 pecuniarum
2327 712 2729 797 publicarum
2794 710 3171 797 explevit.¹)

716 819 1059 903 Utcunque
1115 827 1330 885 autem
1387 840 1492 886 res
1539 840 1611 886 se
1658 820 1873 904 habet,
1902 818 2076 903 quod
2123 819 2442 903 augendis
2487 819 2780 904 pecuniis
2827 818 3170 902 integritas

715 926 957 990 aerarii
1003 925 1248 1011 publici
1293 926 1593 1005 violatur,
1641 946 2051 1011 nequaquam
2089 925 2362 992 Athenis
2410 944 2613 992 causa
2659 925 2866 998 ἀδείας
2912 924 3171 993 dandae

717 1033 856 1100 fuit.
940 1033 1026 1098 At
1086 1033 1423 1117 illegitime
1469 1033 1538 1099 id
1584 1036 1826 1101 factum
1874 1040 1974 1100 est
2016 1035 2084 1098 in
2132 1033 2435 1098 damnum
2483 1032 2733 1117 civium,
2782 1053 3170 1116 quamquam

713 1141 936 1223 legum
982 1150 1083 1207 cst
1127 1162 1233 1208 res
1281 1142 1516 1208 civium
1543 1143 1832 1226 integras
1862 1142 2044 1210 tueri.
2137 1140 2272 1207 Sed
2300 1140 2634 1207 videturne
2682 1160 2764 1207 cx
2803 1139 3169 1205 hominibus

713 1249 843 1314 sibi
864 1248 1310 1314 diffidentibus
1332 1256 1630 1316 constare
1651 1250 1708 1315 is
1730 1251 2025 1335 populus,
2051 1249 2180 1333 qui,
2201 1269 2285 1314 ne
2301 1268 2381 1313 ea
2407 1249 2665 1332 rogatio
2685 1247 2947 1331 feratur,
2968 1247 3166 1332 impe-

711 1355 856 1422 dire
878 1355 1113 1433 studet,
1146 1375 1314 1439 quae
1341 1356 1434 1421 rei
1464 1355 1765 1440 publicae
1799 1357 1865 1420 in
1887 1376 2132 1423 summo
2155 1355 2441 1441 periculo
2461 1362 2712 1440 partem
2731 1353 3058 1437 quandam
3088 1374 3170 1419 ex

712 1462 950 1528 civium
995 1463 1292 1547 pecuniis
1339 1465 1712 1548 comparet?
1763 1464 1935 1529 Sane
1985 1462 2263 1546 quidem.
2358 1462 2570 1544 Atque
2615 1482 2686 1527 re
2731 1481 2889 1527 vera
2945 1481 3167 1527 conce·

711 1568 997 1634 (lendum
1043 1577 1144 1635 est
1190 1568 1275 1633 ad
1314 1569 1570 1635 veniam
1620 1569 1903 1634 dandam
1950 1571 2170 1654 magni
2217 1570 2518 1634 momenti
2566 1568 2790 1646 fuisse,
2840 1567 3013 1651 quod
3056 1587 3170 1652 po-

711 1676 923 1760 pulus,
969 1696 1052 1742 ne
1098 1696 1326 1743 munus
1374 1676 1462 1741 ad
1508 1697 1730 1743 omnes
1778 1678 2234 1763 locupletiores
2273 1696 2481 1761 aeque
2503 1676 2836 1760 pertinens
2869 1695 2909 1739 a
2940 1675 3171 1758 quovis

710 1783 857 1849 cive
920 1790 1161 1848 temere
1227 1784 1468 1868 imponi
1533 1792 1775 1869 posset,
1841 1785 2185 1869 prohibere
2249 1784 2533 1851 volebat.
2655 1780 2932 1869 Εὶσφορά
2998 1782 3167 1847 enim

714 1890 906 1956 nimis
955 1911 1154 1974 grave
1202 1911 1364 1957 onus
1410 1892 1780 1977 putabatur,
1838 1912 2032 1976 quam
2076 1892 2369 1977 plerique
2414 1890 2597 1956 inviti
2646 1889 3170 1976 suscipiebant.²)

710 1998 803 2062 Ut
848 1998 934 2081 id,
982 1998 1155 2080 quod
1204 1998 1361 2080 dixi,
1412 1998 1746 2083 illustrem,
1796 2000 2007 2065 simile
2039 1999 2194 2082 quid
2242 1998 2475 2064 afferre
2520 1999 2739 2064 liccat.
2831 1998 3013 2081 Eum,
3061 1996 3170 2080 qui

716 2104 925 2188 legem
948 2113 1061 2171 aut
1077 2106 1456 2191 psephisma
1477 2114 1757 2191 rogarat,
1779 2107 1927 2190 lege
1949 2114 2062 2171 aut
2081 2106 2523 2191 psephismate
2543 2106 2675 2170 iam
2695 2126 2737 2171 a
2756 2104 2996 2190 populo
3024 2124 3169 2189 pro-

710 2213 869 2277 bato
889 2233 1008 2297 per
1024 2217 1261 2300 γραφὴν
1281 2221 1641 2300 παρανόμων
1666 2213 1732 2278 in
1761 2215 1862 2279 ius
1890 2233 2126 2278 vocare
2153 2213 2354 2279 licuit.
2413 2211 2558 2290 Qua
2582 2213 2649 2277 in
2678 2212 2954 2287 actione,
2987 2210 3043 2275 si
3073 2230 3170 2275 ro-

714 2319 917 2403 gatiO,
940 2339 1130 2401 quam
1153 2328 1325 2385 totus
1348 2329 1692 2405 acceperat
1713 2320 2008 2405 populus,
2034 2328 2257 2385 contra
2278 2321 2461 2404 leges
2481 2319 2617 2384 lata
2639 2324 2795 2404 erat,
2825 2338 3011 2384 nemo
3043 2317 3169 2384 nisi

711 2432 983 2510 rogator
1028 2447 1277 2511 poenas
1324 2428 1563 2511 luebat,
1607 2434 1953 2512 propterea
2010 2426 2179 2510 quod
2227 2427 2535 2512 populum
2599 2427 2664 2491 in
2729 2446 3006 2492 errorem
3072 2424 3163 2489 in·

712 2533 1096 2614 duxisset.³)
1151 2534 1442 2617 Rogator
1467 2535 1665 2618 igitur
1693 2535 1874 2600 solus
1902 2535 2254 2619 periculum
2285 2534 2616 2619 plebisciti
2633 2533 2869 2618 perlati
2890 2532 3170 2600 subibat.

713 2640 901 2706 Sicut
921 2647 1137 2706 autem
1156 2646 1354 2729 γραφὴ
1385 2647 1749 2729 παρανόμων
1778 2640 1868 2706 ad
1893 2640 1962 2705 id
1992 2641 2285 2706 instituta
2317 2648 2475 2724 erat,
2502 2648 2572 2705 ut
2609 2660 2745 2706 rem
2770 2639 3099 2725 publicam
3129 2658 3170 2702 a

716 2748 1082 2814 temerariis
1127 2748 1230 2812 vel
1279 2750 1663 2833 perniciosis
1691 2749 2141 2832 rogationibus
2179 2755 2510 2814 tuerentur
2546 2746 2795 2813 iudices
2825 2745 3170 2830 heliastici,

717 2855 812 2919 ita
860 2852 1146 2942 εἰσφορᾶς
1190 2856 1476 2938 rogatori
1525 2856 1693 2921 ἄδεια
1741 2854 2151 2941 impetranda
2197 2854 2336 2933 fuit,
2386 2874 2467 2920 ne
2515 2854 2875 2920 temerariis
2932 2854 3169 2937 rogati-

717 2962 954 3028 onibus
999 2961 1189 3046 primi
1237 2963 1545 3045 cuiusque
1594 2964 1911 3028 iacturam
1968 2962 2259 3029 facerent
2311 2982 2420 3028 res
2476 2961 2789 3044 civium.⁴)
2881 2960 3003 3026 Hic
3051 2961 3172 3026 for·

714 3174 947 3228 nomina
988 3175 1050 3228 in
1095 3176 1517 3244 symmoriarum
1575 3177 1645 3231 ad
1701 3178 1917 3231 tributa
1970 3176 2408 3231 extraordinaria
2461 3177 2732 3246 exigenda
2785 3176 3171 3230 institutarum

720 3264 1015 3318 laterculos
1050 3264 1416 3318 inferrentur«
1459 3269 1650 3320 contra
1687 3265 1852 3335 leges,
1928 3267 2008 3320 De
2055 3266 2250 3322 horum
2287 3266 2583 3336 privilegio
2619 3267 2685 3321 cf.
2726 3266 2899 3320 etiam
2934 3266 3172 3320 Wester·

714 3371 915 3407 mann:
977 3352 1076 3408 »de
1129 3354 1279 3423 publ.
1329 3355 1531 3411 Athen.
1581 3356 1769 3410 honor.
1818 3373 1884 3410 ac
1933 3356 2224 3425 praemiis«
2285 3355 2451 3424 (Lips.
2510 3355 2671 3423 1830)
2725 3374 2779 3424 p.
2837 3358 2868 3409 7
2925 3355 3049 3410 adn.
3109 3356 3171 3419 6;

714 3441 989 3496 Thumser
1024 3442 1060 3496 l.
1099 3442 1135 3496 l.
1174 3461 1226 3512 p.
1270 3445 1370 3498 117
1408 3462 1488 3513 sq.
1527 3447 1585 3499 et
1612 3445 1735 3499 adn.
1769 3447 1818 3499 2.
1868 3446 2068 3514 Itaque
2096 3445 2454 3507 Schoemann‚
2484 3445 2583 3514 qui
2612 3444 2697 3513 [in
2730 3443 3042 3513 ›Antiquit.
3070 3445 3171 3498 iur.

714 3533 870 3600 publ.
918 3532 1042 3587 Gn«
1093 3552 1147 3603 p.
1195 3533 1319 3602 321]
1367 3536 1469 3590 hoc
1514 3536 1826 3591 contendit:
1871 3536 2225 3591 »immunitas
2263 3532 2538 3605 (εἰσφορᾶς)
2574 3535 2865 3605 inquilinis
2909 3552 3034 3590 raro
3064 3534 3174 3588 -da·

714 3621 938 3688 batur«,
966 3622 1203 3677 nimium
1231 3623 1431 3678 dixisse
1459 3624 1598 3678 mihi
1626 3625 1862 3680 videtur.
1883 3654 1954 3662 -
1973 3625 2343 3694 Nequaquam
2378 3625 2556 3696 igitur
2591 3622 2886 3695 διοικήσεως
2915 3624 3175 3694 pecunias

714 3705 924 3780 εἰσφορᾷ
961 3715 1152 3767 auctas
1189 3730 1303 3767 esse
1340 3713 1449 3768 dici
1486 3717 1686 3783 potest.

901 3799 949 3868 ¹)
986 3802 1065 3856 Ut
1101 3802 1298 3872 lingua
1333 3804 1631 3857 vernacula
1667 3807 1821 3857 utar:
1865 3803 1974 3857 »sie
2021 3803 2219 3858 deckte
2267 3804 2357 3858 ein
2405 3803 2654 3858 Deficit«.
2739 3803 3175 3872 Nonnunquam,

711 3891 1109 3959 posterioribus
1145 3892 1345 3945 saltem
1382 3892 1738 3961 temporibus,
1778 3888 1999 3962 εἰσφοραί
2036 3892 2477 3961 imponebantur,
2508 3911 2632 3947 cum
2659 3893 2926 3962 pecuniae
2955 3893 3176 3948 debitae

712 3979 1036 4034 remissione
1073 3997 1325 4035 concessa
1359 3998 1470 4035 non
1505 3981 1813 4046 redierant;
1851 3999 1903 4035 v.
1941 3999 2107 4050 supra
2135 3999 2187 4051 p.
2225 3983 2311 4036 «10.

902 4066 947 4135 ²)
983 4068 1050 4122 cf.
1090 4069 1214 4138 Lys.
1251 4069 1488 4124 XXVIII
1525 4072 1575 4125 4.
1615 4071 1675 4135 3;
1722 4072 1877 4124 Dem.
1916 4071 1970 4124 H
2008 4071 2092 4125 24.
2168 4071 2339 4126 Velut
2376 4067 2580 4141 εἰσφορά
2617 4089 2742 4126 cum
2780 4071 2985 4126 civium
3034 4069 3174 4138 πενίᾳ

715 4158 1001 4212 confertur
1037 4157 1187 4226 apud
1222 4158 1381 4212 Isocr.
1421 4158 1528 4212 VII
1567 4162 1659 4224 513
1699 4160 1853 4214 Dein.
1891 4160 2047 4214 XXII
2085 4161 2178 4226 653
2229 4160 2295 4215 cf.
2335 4161 2507 4215 etiam
2544 4160 2681 4214 Xen.
2720 4160 2845 4214 Oec.
2884 4161 2939 4214 H
2978 4161 3035 4225 63
3083 4160 3173 4215 de-

714 4247 887 4314 nique
927 4245 1110 4314 [Xen]
1152 4246 1219 4302 de
1255 4264 1364 4315 rep.
1404 4248 1535 4302 Atb.
1575 4248 1602 4301 I
1646 4248 1725 4309 13,
1765 4266 1909 4316 quae
1945 4267 2076 4303 sane
2103 4250 2271 4304 verba
2307 4249 2367 4303 in
2403 4267 2704 4318 paucorum
2738 4250 3054 4318 potentium
3089 4267 3175 4303 ra·

711 4336 929 4390 tionem
965 4336 1174 4406 scripta
1208 4339 1364 4402 sunt3
1402 4336 1470 4392 cf.
1511 4337 1781 4392 Thumser
1817 4338 1853 4391 l.
1890 4338 1927 4391 1.
1965 4356 2016 4406 p.
2058 4338 2128 4392 50
2163 4357 2282 4406 sqq.

903 4423 947 4493 ⁸)
986 4425 1045 4479 id
1083 4426 1227 4493 quod
1272 4426 1544 4494 Aristoph.
1583 4426 1720 4494 Equ.
1770 4427 2117 4481 1355-1357
2155 4427 2490 4496 lepidissime
2525 4428 2870 4498 perstringit.

901 4512 944 4582 ⁴)
980 4515 1177 4569 Hartel
1207 4532 1330 4569 cuni
1371 4514 1617 4581 [»Stud.‹
1659 4534 1712 4585 p.
1752 4515 1881 4583 255]
1923 4516 2083 4570 dicit:
2126 4517 2229 4569 »Es
2265 4517 2341 4570 ist
2377 4519 2500 4572 eine
2536 4517 3019 4573 staatsrechtliche
3057 4517 3169 4572 Un-

714 4602 1197 4672 geheuerlichkeit
1244 4620 1311 4655 zu
1369 4603 1610 4668 glauben
1624 4645 1638 4669 ‚
1698 4604 1823 4658 dass
1887 4604 1979 4659 ein
2030 4622 2157 4659 vom
2213 4605 2360 4659 Volk
2415 4606 2834 4661 sanctionierter
2888 4607 3176 4661 Beschluss

709 4709 898 4761 gegen
935 4691 1124 4746 seinen
1159 4691 1370 4745 Willen
1409 4691 1580 4745 durch
1618 4693 1706 4748 die
1744 4694 2084 4763 Einsprache
2120 4694 2214 4749 des
2250 4695 2448 4750 Ersten
2484 4695 2685 4750 Besten
2721 4696 2866 4750 ohne
2902 4695 3175 4751 Weiteres
