3567 5392
1656 399 1740 463 75

642 594 730 659 Ut
787 593 985 676 igitur
1030 594 1265 678 paucis
1319 593 1406 677 id,
1464 593 1638 677 quod
1687 594 1982 678 exposui,
2033 595 2447 678 complectar:
2498 593 2555 659 si
2602 592 2746 676 quis
2793 612 2935 676 per-

469 700 730 784 egrinus
797 700 1037 784 hospes
1104 700 1401 784 publicus
1467 701 1804 787 (πρόξενος)
1870 700 2081 766 factus
2148 707 2275 784 est,
2349 721 2741 784 quamquam
2803 719 2932 764 non

463 807 597 872 iam
625 807 833 873 hostis
862 807 953 871 rei
983 807 1285 891 publicae
1307 809 1673 891 putabatur,
1694 815 1932 889 tamen,
1952 814 2023 872 ut
2042 810 2320 895 ἕγκτησιν
2340 828 2381 872 a
2399 808 2641 892 populo
2660 812 2930 891 peteret,

463 933 736 980 necesse
767 920 922 991 erat,
955 913 1082 979 nisi
1113 933 1193 978 ea
1225 914 1447 980 statim
1476 914 1542 978 in
1572 913 1835 979 decreto
1864 915 2176 1000 προξενίας
2222 914 2281 980 ei
2331 915 2618 997 irrogata
2676 915 2933 992 esset.¹)

643 1023 857 1104 Atque
904 1021 1078 1086 idem
1128 1020 1471 1086 dicendum
1519 1028 1619 1088 est
1665 1021 1748 1086 de
1794 1020 2114 1107 ἰσοτελείᾳ,
2163 1041 2439 1104 quacum
2477 1024 2754 1108 ἔγκτησιν
2803 1040 2932 1084 non

467 1129 874 1193 coniunctam
923 1148 1071 1194 esse
1121 1128 1441 1193 Schubert
1491 1130 1549 1208 [l.
1597 1128 1639 1197 l.
1688 1150 1751 1213 p.
1803 1131 1889 1195 52
1940 1129 2099 1212 sqq.]
2149 1128 2706 1208 demonstravit.²)

645 1237 719 1300 In
791 1235 995 1300 titulis
1080 1235 1301 1300 allatis
1377 1235 1621 1300 nullum
1686 1234 1894 1308 ἁδείας
1959 1236 2248 1318 rogatori
2313 1234 2511 1299 datae
2575 1233 2926 1316 vestigium

463 1340 761 1407 videmus
807 1344 1194 1426 propterea‚'
1232 1342 1404 1425 quod
1459 1342 1872 1426 privilegium
1924 1344 2269 1430 ἐγκτήσεως
2299 1341 2576 1435 praemii
2613 1360 2818 1407 causa
2843 1339 2932 1405 iis

465 1448 770 1513 tributum
820 1456 937 1533 est,
985 1450 1095 1532 qui
1143 1450 1306 1515 bene
1355 1449 1439 1515 de
1486 1469 1556 1514 re
1606 1449 1869 1534 publica
1914 1450 2123 1514 meriti
2174 1458 2375 1514 erant.

646 1556 806 1621 Item
853 1576 1158 1639 agrorum
1206 1556 1492 1641 donatio,
1523 1557 1705 1623 cuius
1733 1577 1950 1641 pauca
1980 1557 2278 1641 exempla
2316 1562 2555 1639 extant,
2568 1554 2615 1631 ³)
2655 1552 2933 1619 Athenis

465 1662 593 1728 nisi
641 1662 722 1727 ob
767 1663 998 1727 merita
1044 1664 1310 1748 publica
1356 1684 1485 1728 non
1532 1664 1761 1729 evenit.

652 1908 715 1974 2.
764 1911 1057 1977 Transeo
1107 1911 1193 1976 ad
1240 1911 1420 1976 aliud
1467 1912 1657 1978 huius
1706 1912 1965 1995 generis
2012 1910 2439 1997 privilegium,
2482 1909 2653 1994 quod
2682 1908 2929 1974 verbis:

468 2021 827 2103 πρόσοδος
873 2024 1051 2105 πρὸς
1094 2025 1219 2108 τὴν
1266 2024 1530 2108 βουλὴν
1579 2026 1702 2086 καὶ
1748 2026 1868 2087 τὸν
1917 2024 2140 2109 δῆμον
2191 2019 2610 2103 significatur.

648 2125 1000 2209 Privilegio
1033 2128 1201 2192 enim
1231 2147 1393 2212 opus
1425 2134 1565 2193 erat
1593 2128 1884 2210 Athenis,
1912 2134 1981 2192 ut
2004 2128 2250 2193 civibus
2282 2135 2646 2191 exterarum
2676 2124 2927 2189 urbium

470 2231 537 2295 in
586 2239 815 2297 senatu
863 2240 927 2298 et
976 2234 1045 2297 in
1092 2234 1368 2300 comitiis
1417 2234 1653 2301 adesse
1700 2235 1952 2320 liceret,
2008 2234 2080 2299 id
2126 2234 2299 2318 quod
2350 2233 2626 2318 populus
2668 2230 2927 2295 Atheni-

473 2338 725 2403 ensium
771 2340 1179 2424 populiscitis
1227 2361 1354 2406 non
1401 2362 1550 2407 raro
1600 2342 1909 2409 decrevit.

650 2447 1012 2528 Antequam
1079 2457 1293 2512 autem
1360 2447 1526 2513 hanc
1591 2449 1805 2533 ipsam
1869 2470 2003 2514 rem
2073 2468 2419 2533 exponam,
2498 2452 2566 2511 ut
2631 2445 2714 2510 de
2778 2443 2932 2510 aliis

468 2551 860 2634 'quibusdam
908 2554 1268 2638 privilegiis
1316 2557 1597 2621 breviter
1644 2555 1967 2640 disputem
2014 2576 2283 2621 necesse
2332 2561 2461 2620 est:
2523 2553 2577 2619 si
2626 2573 2771 2618 cum
2815 2570 2929 2636 po-

470 2658 625 2742 pulo
675 2668 788 2723 aut
835 2659 916 2724 de
965 2662 1158 2726 rebus
1206 2661 1367 2727 civis
1414 2662 1691 2728 alicuius
1740 2670 1892 2727 ante
1941 2654 2212 2745 negotia
2252 2683 2293 2726 a
2350 2659 2732 2746 prytanibus
2789 2677 2930 2742 pro-

470 2765 690 2849 posita
719 2775 831 2831 aut
861 2767 943 2832 de
974 2769 1167 2833 rebus
1199 2776 1674 2853 programmate
1705 2769 1960 2834 omnino
1992 2790 2117 2833 non
2147 2766 2573 2853 promulgatis
2594 2766 2933 2849 agebatur.

654 2873 815 2936 Iulio
866 2875 1129 2941 Polluce
1177 2875 1436 2958 quidem
1485 2883 1750 2941 auctore
1800 2875 1977 2960 [VIII
2007 2879 2092 2943 95
2125 2877 2244 2960 sq.]
2291 2893 2701 2960 programma
2748 2876 2931 2953 quat-

473 2985 617 3043 tuor
674 2979 1145 3045 ordinariarum
1202 2983 1565 3047 contionum
1622 2990 1863 3048 certum
1924 2991 1988 3049 et
2042 2982 2451 3068 praefinitum
2505 2980 2704 3055 saiw)
2797 2975 2929 3042 Sed

476 3083 743 3150 dubium
791 3107 915 3151 non
966 3094 1083 3172 est,
1132 3089 1285 3171 quin
1334 3089 1465 3155 illis
1514 3090 1794 3172 negotiis
1843 3089 2167 3174 expeditis
2216 3089 2411 3155 etiam
2451 3088 2533 3154 de
2562 3087 2711 3152 aliis
2740 3086 2934 3150 rebus

474 3193 586 3275 agi
642 3192 896 3259 licuerit
956 3215 1073 3259 suo
1122 3201 1408 3280 tempore
1463 3204 1942 3281 programmate
1990 3195 2479 3281 promulgatis⁵)
2539 3203 2651 3259 aut
2699 3191 2786 3257 ad
2833 3212 2931 3257 se-

474 3307 700 3364 natum
756 3301 985 3366 saltem
1031 3302 1267 3381 latis.⁶)
1350 3303 1563 3386 Atque
1612 3302 1810 3368 etiam
1859 3303 2513 3369 extraordinariarum
2563 3300 2932 3366 contionum

532 3578 540 3585 .
661 3530 702 3597 ¹)
743 3529 1017 3601 Προξενίας
1054 3533 1409 3603 privilegium
1449 3535 1758 3603 praemium
1797 3535 2037 3603 quidem,
2075 3534 2169 3589 sed
2206 3534 2349 3588 nihil
2397 3533 2552 3588 aliud
2587 3533 2695 3586 nisi
2732 3532 2935 3586 titulus

475 3621 799 3675 honorarius
856 3624 940 3676 est
989 3621 1078 3690 [cf.
1118 3623 1386 3677 Schubert
1421 3642 1475 3692 p.
1514 3622 1589 3691 4]‚
1639 3642 1874 3692 quocum
1922 3641 2101 3692 neque
2149 3620 2384 3693 ἔγκτησις
2434 3622 2522 3690 [cf.
2563 3622 2705 3676 OJA.
2744 3623 2798 3675 II
2835 3621 2930 3688 41]

473 3727 652 3778 neque
691 3707 891 3761 ἀτέλεια
929 3711 1022 3778 [cf.
1052 3711 1193 3766 OJA.
1232 3712 1286 3766 II
1325 3714 1419 3777 913
1459 3713 1612 3768 Dem.
1652 3713 1753 3767 XX
1794 3712 1921 3781 133]
1958 3730 2137 3782 neque
2173 3710 2415 3763 ἰσοτέλεια
2455 3712 2543 3779 [cf.
2584 3712 2726 3767 GJA.
2754 3713 2808 3766 II
2836 3711 2929 3780 48]

473 3798 592 3867 ipso
631 3799 752 3854 iure
778 3799 1103 3855 coniunctae
1131 3804 1287 3865 sunt3
1326 3801 1394 3856 cf.
1432 3802 1675 3858 Gilbert:
1719 3803 2072 3857 »Staatsalt.‹
2113 3804 2140 3856 Ι
2175 3802 2300 3867 173;
2339 3802 2606 3856 Schubert
2634 3801 2670 3853 l.
2700 3801 2737 3854 1.
2763 3802 2816 3870 p.
2849 3801 2932 3855 12.

661 3886 702 3952 2)
742 3889 810 3943 cf.
849 3889 992 3943 GJA.
1030 3891 1084 3943 II
1121 3890 1253 3954 4133
1297 3892 1508 3945 »Wien.
1549 3892 1736 3946 Stud.‹
1783 3892 1885 3945 VII
1903 3894 1996 3957 663
2036 3894 2338 3946 Monceaux
2373 3891 2408 3944 l.
2449 3892 2484 3943 l.
2523 3909 2575 3959 p.
2623 3890 2735 3946 103.

659 3976 703 4043 ³)
742 3979 808 4031 cf.
848 3979 1290 4035 Biichsenschiitz
1327 3981 1362 4033 1.
1401 3981 1438 4036 1.
1477 3999 1530 4049 p.
1569 3981 1664 4046 633
1702 3982 2007 4036 Monceaux
2044 3981 2077 4033 l.
2111 3981 2144 4034 l.
2176 3999 2229 4050 p.
2259 3981 2326 4035 37
2357 3984 2415 4034 et
2443 3980 2565 4033 adn.
2595 3981 2643 4033 3.
2673 3997 2725 4047 p.
2756 3979 2825 4032 98
2854 3996 2935 4046 sq.

663 4068 707 4134 ⁴)
745 4068 812 4121 cf.
853 4067 955 4121 Ad.
995 4069 1239 4123 Reusch:
1283 4070 1381 4124 »de
1429 4069 1568 4124 dieb.
1619 4073 1763 4125 cont.
1813 4070 1925 4125 ord.
1974 4087 2059 4138 ap.
2112 4071 2343 4124 Athens
2395 4070 2480 4123 in:
2532 4068 2774 4122 »dissei-t.
2814 4067 2934 4136 phil

475 4156 708 4224 Argent.
754 4157 879 4210 sel.‹
930 4158 1037 4211 vol.
1078 4158 1158 4211 111
1196 4157 1448 4227 (Argent.
1494 4160 1652 4225 1880)
1696 4178 1749 4228 p.
1790 4160 1858 4212 73
1895 4177 2031 4227 sqq„
2077 4159 2174 4226 qui
2219 4159 2278 4212 id
2324 4159 2524 4213 falsum
2569 4175 2684 4213 esse
2740 4161 2933 4225 putam

475 4245 570 4299 sed
606 4244 822 4299 Polluci
858 4245 962 4300 hoc
999 4247 1117 4300 loco
1154 4247 1286 4302 fides
1324 4247 1621 4303 tribuenda
1658 4252 1760 4313 est,
1801 4248 2098 4302 dummodo
2135 4265 2205 4301 ne
2234 4247 2479 4301 ordinem
2508 4247 2827 4300 contionum
2863 4247 2936 4302 ab

474 4333 574 4388 illo
620 4338 1109 4389 commemoratum
1155 4339 1367 4390 rectum
1416 4353 1531 4390 esse
1568 4337 1757 4391 credat
1805 4337 2109 4406 quispiam;
2176 4338 2241 4391 cf.
2292 4336 2508 4391 Gilbert
2545 4337 2571 4390 I
2607 4336 2728 4401 282,
2752 4336 2808 4401 3;
2866 4335 2933 4391 cf.

474 4423 651 4477 etiam
687 4423 1056 4479 Schoemann:
1100 4425 1393 4493 »Antiqua
1435 4444 1489 4494 p.
1527 4427 1648 4480 226.

665 4511 711 4578 ⁶)
752 4513 831 4568 De
866 4518 1278 4583 programmate
1316 4514 1381 4568 cf.
1422 4515 1639 4569 Gilbert
1674 4516 1701 4568 Ι
1739 4518 1861 4570 270.
1901 4516 2008 4570 282
2045 4533 2122 4583 sq.
2163 4519 2221 4570 et
2259 4515 2385 4570 adn.
2423 4518 2484 4580 33
2541 4515 2735 4569 Busolt
2771 4516 2802 4581 ἓ
2837 4516 2938 4570 189

475 4618 527 4669 p.
572 4602 692 4656 170.
750 4603 833 4655 De
868 4602 976 4656 hac
1010 4619 1068 4656 re
1098 4603 1165 4656 cf.
1195 4604 1411 4657 Reusch
1431 4604 1466 4656 1.
1496 4604 1533 4659 l.
1555 4604 1633 4658 III
1653 4622 1707 4672 p.
1731 4606 1793 4657 71
1816 4622 1962 4673 sqq.;
1991 4623 2044 4658 v.
2075 4605 2221 4659 infra
2247 4605 2306 4658 in
2336 4604 2477 4658 libro
2506 4604 2603 4659 alt.
2627 4621 2744 4673 cap.
2766 4605 2819 4658 11
2838 4622 2878 4659 s,
2899 4605 2936 4659 f.

666 4689 709 4755 θ)
747 4691 814 4745 cf.
855 4691 1071 4746 Perrot:
1116 4693 1199 4746 »le
1236 4693 1383 4747 droit
1417 4693 1607 4761 public
1642 4693 1973 4748 d'Athenesct
2016 4712 2068 4763 p.
2108 4695 2195 4748 39.
