3567 5392
1914 453 1998 516 24

723 644 960 727 quibus
1008 651 1212 729 agunt
1257 646 1624 731 scriptores,
1671 646 2135 716 demonstrant.
2211 647 2305 712 Ac
2354 646 2570 732 Solon,
2616 647 2726 730 qui
2774 646 3121 713 Plutarcho
3135 648 3184 726 ι)

727 751 987 833 quidem
1042 759 1306 818 auctore
1362 756 1699 840 νομοθέτης
1755 753 2148 839 αὐτοκράτωρ
2212 754 2573 820 amnestiae
2638 754 2919 838 gratiam
2983 752 3183 837 dedit,

722 861 866 932 τοὺς
911 859 1157 946 ἀτίμως
1203 859 1270 925 in
1316 860 1638 943 integrum
1681 860 1967 926 restituit
1995 861 2346 944 exulesque
2374 859 2651 930 reduxit.
2708 860 3186 927 Posterioribus

724 971 943 1032 autem
988 967 1386 1051 temporibus
1442 984 1899 1050 nonnunquam
1953 966 2002 1032 ii
2055 966 2336 1034 restituti
2393 974 2558 1052 sunt,
2615 966 2725 1051 qui
2781 968 2848 1033 in
2906 986 3184 1033 commu-

721 1071 1079 1139 tationibus
1141 1074 1237 1139 rei
1298 1072 1600 1159 publicae
1656 1092 2036 1159 oppressam
2090 1073 2439 1139 factionem
2494 1074 2854 1141 consectati
2911 1092 3188 1157 eamque

719 1179 806 1243 ob
869 1199 1006 1245 rem
1067 1179 1268 1265 ἄτιμοι
1325 1179 1484 1246 faeti
1540 1187 1741 1247 erant.
1845 1179 2039 1246 Velut
2102 1180 2578 1264 oligarcharum
2640 1180 2837 1246 factio
2903 1180 3180 1245 Athenis

721 1285 1132 1353 restitutione
1213 1306 1433 1353 eorum
1514 1293 1707 1353 aucta
1790 1292 1908 1371 est,
1919 1286 1970 1367 ²)
2058 1307 2326 1370 quorum
2415 1287 2691 1374 primum
2780 1287 2995 1354 locum
3083 1285 3182 1351 illi

720 1390 1198 1476 Quadringenti
1272 1393 1712 1477 obtinueruntx,
1785 1393 2188 1478 similemque
2252 1393 2645 1460 Patroclidis
2711 1393 3179 1480 psephismatis

720 1517 991 1565 causam
1037 1498 1241 1583 fuisse
1285 1499 1660 1567 Andocides
1715 1499 1990 1584 docet.³)
2082 1500 2269 1567 Alias
2326 1501 2520 1567 etiam
2574 1507 2838 1587 propter
2890 1500 3180 1585 inopiam

719 1605 956 1672 civium
1003 1607 1207 1695 ἄτιμοι
1255 1615 1405 1675 sunt
1449 1607 1818 1690 restituti.⁴)

898 1731 1112 1815 Atque
1176 1732 1346 1799 hanc
1409 1753 1664 1817 quoque
1726 1733 1927 1800 ἄδειαν
1991 1732 2348 1800 concedere
2412 1753 2449 1799 e
2502 1731 2837 1819 republica
2901 1730 3049 1816 fuit,
3115 1732 3173 1797 si

717 1837 984 1920 quidem
1044 1839 1453 1906 restitutione
1515 1839 1585 1905 id
1650 1840 1784 1924 egit
1843 1840 2140 1926 populus,
2203 1846 2274 1905 ut
2337 1839 2656 1906 factiones
2722 1840 2936 1923 gratia
3001 1839 3171 1905 inter

720 1964 870 2012 sese
933 1946 1531 2031 reconciliarentur,
1605 1946 1955 2013 concordia
2018 1947 2185 2015 inter
2248 1948 2426 2015 cives
2488 1947 2959 2031 restitueretur,
3023 1946 3178 2011 novi

718 2050 1099 2121 defensores
1127 2054 1384 2140 patriae
1413 2062 1957 2141 compararentur,
1990 2056 2213 2140 itaque
2243 2056 2411 2122 sicut
2439 2056 2699 2122 exulum
2725 2054 3177 2121 revocationes

716 2157 1094 2244 plerumque
1139 2161 1206 2227 in
1253 2161 1592 2228 amnestiis
1637 2161 1753 2228 illa
1798 2163 2121 2231 restitutio
2171 2161 2468 2243 evenit.⁵)

896 2286 1043 2351 Una
1115 2292 1322 2352 restat
1394 2287 1721 2372 quaestio,
1803 2308 1957 2353 num
2029 2287 2243 2375 capite
2309 2286 2656 2353 deminutis
2723 2292 2786 2352 et
2848 2285 3011 2372 ipsis
3077 2305 3175 2351 re-

718 2391 1116 2459 stitutionem
1145 2413 1187 2457 a
1217 2395 1459 2481 populo
1505 2403 1728 2482 petere
1765 2394 2037 2480 licuerit,
2067 2395 2299 2478 quibus
2335 2395 2438 2460 ius
2470 2393 2571 2473 „tv
2616 2407 2699 2480 τῷ
2736 2397 2906 2482 δήμῳ
2948 2397 3172 2474 λέγειν’·

714 2498 1104 2582 abrogatum
1151 2506 1344 2567 esset.
1416 2501 1498 2566 Et
1544 2521 1625 2566 ex
1668 2501 1771 2569 his
1820 2501 2081 2585 quidem
2124 2501 2310 2588 legis,
2360 2521 2529 2584 quae
2586 2508 2765 2568 extat
2820 2500 2997 2585 apud
3043 2500 3170 2565 De-

713 2605 1116 2673 mosthenem
1161 2607 1383 2674 XXIV
1438 2611 1543 2693 50,
1599 2608 1843 2675 verbis:
1913 2659 1930 2676 .
1958 2660 1975 2676 .
2004 2660 2018 2676 .
2048 2609 2215 2676 .ὲὰν.
2244 2659 2261 2676 .
2289 2659 2304 2676 .
2333 2605 2545 2682 ,αὐτὸς
2599 2607 2632 2673 ὁ
2687 2606 2888 2697 ὀφλὼν
2935 2606 3172 2691 ἱκετεῦῃ

713 2716 849 2798 πρὶν
906 2712 1134 2779 ἐκτῖσαι
1189 2717 1321 2782 κτλ.
1389 2715 1824 2800 colligendum
1879 2721 1980 2782 est
2033 2714 2432 2781 debitoribus
2487 2714 2651 2800 ipsis
2707 2722 2777 2780 ut
2822 2715 2888 2779 in
2937 2719 3172 2781 senatu

709 2826 829 2884 aut
893 2819 959 2885 in
1024 2821 1300 2888 comitiis
1354 2823 1548 2889 venia
1604 2822 1762 2888 data
1817 2843 2079 2907 rogare,
2134 2822 2230 2888 ita
2283 2821 2487 2889 ἄδειαν
2546 2829 2770 2908 petere
2816 2820 3171 2898 licuisse;⁶)

903 3032 941 3101 ¹)
979 3035 1046 3088 cf.
1085 3036 1233 3090 Plut.
1271 3036 1381 3091 Sol.
1418 3037 1571 3101 XIx;
1610 3036 1678 3091 de
1712 3036 1799 3101 iis,
1839 3037 1937 3104 qui
1975 3037 2277 3091 amnestiae
2314 3040 2563 3107 expertes
2600 3040 2775 3103 erant,
2814 3037 2880 3091 cf.
2919 3036 3080 3100 ibid.;
3117 3054 3170 3089 v,

709 3121 784 3177 de
822 3122 930 3177 hac
964 3141 1023 3178 re
1060 3124 1288 3179 Platner
1322 3125 1360 3179 1.
1398 3125 1435 3180 1.
1473 3126 1501 3179 Ι
1545 3126 1632 3190 14;
1672 3125 1921 3180 Curtius:
1966 3126 2089 3181 »Gn
2128 3124 2382 3183 Gesch.⁸«
2422 3127 2450 3180 I
2488 3127 2610 3180 334.

900 3210 948 3279 ²)
987 3213 1054 3268 cf.
1101 3214 1238 3268 Xen.
1293 3215 1361 3268 H.
1411 3214 1501 3269 Gr.
1552 3215 1607 3268 II
1642 3214 1693 3280 2,
1734 3216 1800 3268 11
1848 3214 1935 3282 (cf.
1976 3216 2043 3269 de
2090 3215 2203 3269 illis
2248 3215 2586 3284 temporibus
2615 3215 2737 3284 LJS.
2766 3214 2872 3268 XII
2910 3212 3172 3280 43—46);

707 3299 1083 3357 Schoemann:
1128 3303 1437 3370 »Antiquit
1475 3303 1579 3357 iur.
1617 3322 1669 3373 p.
1711 3303 1837 3358 Gn«
1878 3323 1930 3374 p.
1976 3305 2092 3360 183.

896 3388 941 3456 8)
978 3392 1044 3446 cf.
1084 3392 1225 3446 And.
1267 3392 1333 3447 de
1369 3395 1536 3460 myst.
1568 3393 1664 3457 733
1693 3393 1946 3449 Scheibe:
1981 3394 2159 3463 »Oligx
2194 3395 2456 3449 Umwiilz,
2486 3412 2551 3447 zu
2579 3394 2744 3447 Ath.‹
2777 3411 2829 3460 p.
2868 3392 2939 3445 36
2977 3409 3058 3458 sq.

896 3481 946 3547 ⁴)
984 3481 1051 3535 cf.
1088 3481 1284 3535 Meier:
1329 3481 1427 3535 »de
1464 3482 1586 3536 bon.
1626 3483 1841 3538 damn.«
1893 3502 1948 3552 p.
1994 3485 2080 3537 49.
2128 3485 2223 3548 50;
2272 3483 2476 3537 Andoc.
2527 3482 2594 3535 de
2639 3484 2805 3548 myst.
2857 3480 2974 3540 109,
3024 3495 3167 3546 quae

702 3569 994 3624 restitutio
1039 3569 1350 3639 praemium
1398 3574 1518 3625 erat
1563 3572 1703 3625 bene
1739 3572 1807 3625 de
1843 3572 2126 3641 republica
2161 3571 2374 3625 meritis
2411 3570 2688 3624 tributum
2726 3568 2819 3635 (cf.
2860 3568 2890 3633 ξ
2936 3566 3059 3630 107;
3099 3565 3167 3618 cf.

703 3658 884 3713 etiam
919 3659 1046 3727 Lyc.
1085 3658 1207 3713 adv.
1246 3658 1428 3712 Leocr.
1469 3662 1499 3721 ξ
1535 3658 1652 3727 41);
1692 3663 1884 3714 tamen
1920 3660 1980 3713 in
2018 3660 2103 3713 his
2138 3659 2298 3714 rebus
2327 3658 2390 3725 (i.
2421 3676 2466 3713 e.
2494 3658 2554 3711 in
2583 3657 2773 3727 poenis
2800 3653 3172 3720 remittendis)

702 3747 957 3817 rogatori
994 3744 1136 3814 ἀδείᾳ
1172 3765 1306 3817 opus
1344 3748 1469 3802 fuit.
1545 3750 1626 3803 De
1661 3749 1990 3818 privilegiiS,
2028 3766 2169 3817 quae
2204 3748 2370 3802 venia
2405 3765 2517 3801 non
2554 3747 2690 3801 data
2725 3744 2961 3815 praemii
2998 3760 3165 3798 causa

708 3837 928 3892 tributa
964 3839 1109 3899 sunt,
1149 3854 1190 3889 s.
1228 3837 1310 3889 ΠΙ
1347 3840 1565 3906 agetur.

893 3925 938 3994 ⁸)
974 3924 1272 3979 Revocatio
1308 3926 1532 3980 exulum
1568 3929 1627 3981 et
1659 3926 1945 3981 restitutio
1981 3926 2164 3996 capite
2199 3926 2609 3981 deminutorum
2647 3924 2941 3994 praecipua
2985 3919 3173 3992 gratia

702 4018 811 4081 est,
848 4032 1021 4083 quam
1055 4014 1290 4083 populus
1325 4014 1386 4068 in
1423 4016 1708 4070 amnestiis
1745 4016 1876 4071 dare
1913 4016 2067 4071 solet.
2142 4015 2324 4070 Aliter
2358 4032 2490 4069 sane
2526 4014 2581 4069 h.
2619 4031 2665 4068 e.
2695 4013 2875 4068 missis
2911 4012 3167 4075 omnibus

705 4103 1039 4174 ambagibus
1076 4103 1440 4158 Athenienses
1477 4104 1537 4158 in
1575 4105 1831 4160 civitates
1868 4105 2141 4160 subiectas
2178 4104 2584 4159 consuluerunt.
2660 4102 2798 4158 Cum
2836 4119 2884 4156 e.
2921 4119 2966 4155 c.
3016 4100 3165 4154 Alci·

702 4192 898 4247 biades
936 4192 1300 4261 selymbriam
1336 4194 1530 4248 urbem
1564 4194 1857 4264 recepisset
1894 4192 1983 4262 (cf.
2020 4195 2158 4249 Xen.
2209 4194 2278 4249 H.
2326 4194 2418 4249 Gr.
2464 4194 2493 4248 I
2536 4197 2588 4259 3,
2639 4192 2735 4258 103
2788 4191 2936 4245 Plut.
2958 4193 2964 4198 ’
2985 4189 3164 4243 Alcib.

704 4280 907 4350 XXX),
954 4281 1191 4352 simplici
1235 4281 1661 4337 Atheniensium
1716 4283 1934 4338 decreto
1979 4282 2254 4338 amnestia
2304 4283 2455 4338 facta
2509 4285 2609 4337 est.
2702 4280 2869 4336 Cuius
2924 4279 3171 4349 psephis-

709 4369 878 4425 matis
922 4370 1299 4440 fragmentum
1346 4374 1500 4426 extat
1536 4371 1598 4425 in
1635 4371 1711 4427 CJ
1712 4372 1778 4426 A.
1816 4372 1897 4427 IV
1940 4373 1983 4438 1,
2041 4373 2106 4426 61
2129 4390 2186 4437 a,
2224 4371 2320 4426 ubi
2357 4372 2642 4437 statuitur,
2704 4373 2769 4425 ut
2806 4371 2952 4425 bona
2986 4367 3168 4439 publi-

700 4461 839 4514 cata
873 4459 1189 4525 reddantur,
1227 4459 1411 4529 capite
1451 4460 1725 4516 deminuti
1760 4461 1823 4515 in
1853 4461 2138 4530 integrum
2156 4461 2541 4525 restituantur,
2562 4459 2814 4515 exulibus
2841 4458 2902 4512 in
2920 4458 3165 4527 patriam

708 4547 876 4604 liceat
911 4548 1104 4605 redire.

889 4636 933 4706 ⁶)
971 4638 1036 4694 cf.
1083 4655 1319 4707 poenam
1365 4634 1631 4705 ἐνδείξεως,
1678 4657 1850 4708 quam
1896 4640 2087 4695 eadem
2134 4640 2227 4695 lex
2263 4638 2341 4694 eis
2380 4636 2448 4692 de
2754 4637 3017 4703 decernit,
3068 4637 3167 4706 qui

699 4727 869 4784 venia
905 4745 1017 4782 non
1053 4729 1188 4783 data
1224 4728 1349 4783 iura
1386 4730 1659 4799 abrogata
1695 4733 2004 4786 exerceant.
