3567 5392
1441 435 1711 531 ——137

419 629 539 695 alii
588 629 942 695 docuerunt
999 638 1133 694 tum
1178 628 1529 714 praecipue
1584 629 1657 693 R.
1706 627 2045 709 Schoell.¹)
2141 627 2322 692 Sicut
2377 627 2576 711 igitur
2631 627 2697 691 in
2752 627 2884 692 ἐπι-

421 738 798 824 χειροτονίαν
842 745 964 802 τῶν
1010 743 1206 823 νόμων
1253 734 1636 820 habendam,
1673 734 1768 799 ita
1797 735 1865 800 in
1894 734 2347 821 ἐπιχειροτονίαν
2380 734 2888 818 demagogorum

421 850 693 929 senatus
738 843 1227 929 probuleumate
1275 863 1439 928 opus
1499 849 1627 926 est,
1687 841 1862 926 quod
1915 842 1984 906 in
2036 841 2247 926 prima
2303 841 2602 907 contione
2659 847 2885 907 sextae

424 952 770 1035 prytaniae
845 950 1085 1036 populo
1160 949 1556 1035 proponitur.
1676 951 1844 1014 Tum
1906 948 2185 1034 populus
2255 987 2335 994 —-
2404 948 2882 1033 disceptatione

426 1057 621 1142 facta,
669 1066 740 1124 ut
788 1058 1033 1143 opinor,
1082 1095 1167 1105 —
1218 1064 1485 1123 senatus
1533 1057 1959 1142 probuleuma
2004 1055 2244 1141 accipit
2291 1062 2405 1121 aut
2465 1056 2779 1140 antiquat,
2824 1055 2886 1122 h.

423 1184 482 1231 e.
534 1163 1011 1253 ὀστρακοφορίαν
1058 1162 1286 1229 haberi
1331 1164 1510 1229 iubet
1556 1169 1669 1228 aut
1713 1169 1913 1229 vetat.

609 1269 883 1355 Quoquo
930 1270 1121 1336 modo
1170 1279 1387 1337 autem
1433 1270 1551 1335 illa
1596 1289 1702 1336 res
1751 1290 1824 1336 se
1879 1270 2103 1353 habet,
2158 1269 2381 1352 utique
2434 1269 2632 1346 ratio,
2692 1290 2885 1354 quam

426 1379 494 1442 in
539 1379 750 1463 prima
798 1398 1034 1461 earum,
1075 1398 1245 1461 quae
1292 1376 1380 1442 ad
1427 1376 1635 1450 ἀδείας
1680 1375 2012 1441 dationem
2058 1375 2402 1442 habendae
2450 1382 2614 1460 sunt,
2645 1377 2885 1441 contio-

425 1505 580 1550 num
627 1484 987 1550 adhibitam
1032 1491 1207 1569 puto,
1256 1485 1524 1551 alterius
1569 1483 1946 1569 populisciti
1989 1483 2178 1569 privi,
2229 1482 2287 1548 h.
2336 1504 2391 1548 e.
2439 1483 2726 1549 civitatis
2773 1482 2886 1548 do·

424 1590 707 1670 nandae‚
759 1590 1180 1658 similitudine
1227 1592 1696 1676 comprobatur,
1746 1590 1830 1655 de
1877 1610 2007 1673 qua
2053 1610 2221 1655 nunc
2273 1609 2489 1675 pauca
2547 1589 2886 1657 disseram.

610 1699 687 1763 In
731 1698 814 1764 iis
862 1699 1032 1763 enim
1078 1697 1377 1773 comitiis,
1425 1698 1493 1762 in
1539 1697 1772 1780 quibus
1820 1695 1903 1762 de
1942 1697 2207 1762 civitate
2238 1695 2582 1762 tribuenda
2612 1697 2887 1782 primum
3010 1754 3015 1759 .

422 1806 766 1889 agebatur,
798 1811 1065 1871 senatus
1106 1803 1194 1869 ad
1238 1805 1548 1889 populum
1593 1804 2018 1890 probuleuma
2064 1804 2262 1869 ferret
2307 1824 2578 1870 necesse
2624 1803 2763 1889 fuit,
2792 1804 2887 1870 ita

427 1912 707 1996 quidem,
753 1920 825 1977 ut
871 1912 1050 1978 nullo
1099 1911 1291 1977 modo
1336 1932 1603 1998 prorsus
1650 1912 1879 1978 liceret
1904 1912 1972 1977 in
2003 1912 2281 1978 comitiis
2312 1912 2597 1979 civitatis
2627 1911 2889 1978 dandae

426 2020 832 2102 rogationem
879 2018 1065 2102 ferre,
1123 2019 1251 2085 nisi
1310 2038 1390 2084 ea
1444 2019 1699 2102 rogatio
1767 2020 1905 2085 sive
1968 2019 2198 2104 petitio
2264 2027 2461 2085 antea
2524 2020 2592 2084 in
2657 2025 2890 2086 senatu

385 2144 388 2147 “
427 2126 565 2192 lata
610 2127 1101 2212 probuleumate
1146 2127 1467 2192 instructa
1516 2132 1710 2192 esset.
1803 2124 1995 2203 Quod
2044 2125 2309 2193 decreta
2354 2130 2672 2211 πολιτείας,
2720 2147 2889 2210 quae

426 2240 669 2317 extant,
736 2240 963 2318 aperte
1031 2233 1502 2318 demonstrant,
1559 2233 1637 2320 ⁴in
1703 2233 1935 2317 quibus
1993 2253 2249 2319 semper
2303 2232 2578 2299 formula
2634 2234 2890 2320 legitur,

425 2362 559 2424 qua
607 2348 874 2407 senatus
919 2341 1326 2425 rogationem
1370 2341 1866 2427 probuleumate
1914 2341 2400 2425 comprobatam
2447 2340 2535 2406 ad
2577 2342 2890 2426 populum

428 2447 580 2514 fert:
628 2449 966 2534 ἐψηφίσθαι
1011 2461 1083 2534 τῇ
1143 2452 1331 2535 βουλῇ
1391 2451 1529 2521 τοὺς
1585 2451 1910 2534 προέδρους
1974 2449 2031 2513 οἳ
2093 2447 2163 2514 ἂν
2228 2451 2462 2536 λάχωσι
2523 2451 2891 2534 προεδρεὸειν

427 2552 510 2628 εἰς
555 2560 660 2642 τὴν
707 2562 942 2644 πρώτην
989 2556 1318 2643 ἐκκλησίαν
1365 2556 1496 2634 (vel
1541 2553 1625 2629 εἷς
1669 2560 1776 2641 τὴν
1835 2556 2112 2622 ἐπιοῦσαν
2165 2555 2521 2643 ἐκκλησίαν)
2578 2580 2890 2642 προσαγα-

427 2674 549 2743 γεῖν
595 2668 696 2728 τὸν
744 2665 905 2729 δεῖνα
959 2661 1045 2736 εἷς
1099 2667 1197 2729 τὸν
1255 2666 1447 2750 δῆμον
1501 2667 1608 2727 καὶ
1664 2668 2033 2749 χρηματίσαι
2086 2667 2220 2747 περὶ
2280 2660 2479 2739 αὐτοῦ,
2535 2669 2771 2751 γνώμην
2828 2667 2891 2730 δὲ

426 2769 880 2858 ξομβάλλεσθαι
924 2783 1033 2857 τῆς
1080 2773 1302 2857 βουλῆς
1357 2768 1443 2843 εἰς
1501 2773 1602 2835 τὸν
1659 2771 1874 2856 δῆμον,
1941 2767 2028 2834 ὅτι
2082 2772 2242 2834 δοκεῖ
2301 2781 2375 2855 τῇ
2441 2772 2630 2857 βουλῇ
2694 2770 2889 2858 mm)

428 2877 656 2961 Itaque
682 2954 685 2958 Α
715 2876 1066 2942 secundum
1121 2877 1243 2942 hoc
1300 2878 1505 2942 solum
1555 2876 1918 2960 exemplum
1966 2876 2165 2941 etiam
2209 2875 2275 2940 in
2324 2897 2403 2941 ea
2450 2878 2766 2962 contione,
2821 2877 2890 2942 in

430 3005 558 3067 qua
606 2985 750 3068 quis
799 2984 1091 3069 supplex,
1141 2991 1211 3049 ut
1258 2983 1461 3068 ἀδείας
1507 2983 1766 3049 dandae
1815 3003 2017 3049 causa
2065 2982 2581 3049 extraordinaria
2628 2984 2890 3050 comitia

430 3098 878 3174 convocentur,
925 3098 1125 3176 petat,
1173 3092 1593 3176 probuleuma
1642 3089 2053 3157 statuendum
2101 3097 2217 3156 est.

607 3323 792 3390 Nunc
838 3321 925 3387 ad
973 3323 1246 3387 alteram
1294 3322 1681 3406 contionem,
1738 3321 1806 3386 in
1863 3343 1990 3405 qua
2057 3322 2139 3387 de
2207 3321 2355 3407 ipsa
2410 3323 2601 3389 venia
2668 3322 2888 3388 danda

430 3435 543 3494 aut
588 3427 980 3512 deneganda
1026 3428 1259 3511 agitur,
1306 3448 1425 3495 nos
1471 3441 1818 3494 vertamus.

607 3536 820 3619 Atque
868 3536 1064 3601 etiam
1110 3536 1179 3600 in
1224 3535 1348 3601 hac
1396 3534 1912 3601 extraordinaria
1961 3535 2260 3601 contione
2306 3535 2728 3620 probuleuma
2787 3558 2887 3604 se·

428 3649 622 3706 natus
680 3642 768 3705 ad
822 3644 1129 3727 populum
1187 3642 1470 3708 delatum
1531 3663 1678 3708 esse
1738 3642 1991 3708 Gilbert
2050 3643 2102 3726 [„
2117 3642 2495 3708 Staatsalt.“
2545 3644 2578 3706 Ι
2622 3665 2684 3728 p.
2735 3645 2889 3729 294]

429 3753 636 3832 putat.
735 3747 867 3812 Sed
916 3750 1246 3830 quaeritur
1290 3757 1444 3816 ante
1491 3750 1724 3833 omnia,
1773 3750 1929 3833 quid
1987 3750 2054 3813 in
2111 3748 2213 3815 his
2271 3748 2548 3815 comitiis
2610 3750 2888 3817 maxime

427 3853 807 3919 interfuerit.
884 3854 1162 3921 Senatus
1202 3854 1340 3940 fuit,
1382 3877 1522 3921 cum
1569 3856 1850 3941 populus
1900 3855 2480 3921 extraordinariam
2528 3856 2889 3923 contionem

429 3959 916 4025 convocandam
992 3960 1415 4046 decrevisset,
1503 3949 1852 4029 constituto
1918 3970 2206 4049 tempore
2267 3963 2586 4047 imperata
2650 3961 2886 4032 facere.

432 4066 509 4130 In
586 4067 800 4151 priore
875 4088 1033 4133 sane
1108 4067 1379 4133 concilio
1455 4076 1519 4134 et
1592 4076 1857 4136 senatus
1931 4069 2019 4135 ad
2089 4071 2398 4155 populum
2467 4068 2892 4154 probuleuma

429 4175 630 4239 certis
679 4175 970 4241 consiliis
1017 4175 1396 4241 instructum
1443 4175 1766 4242 detulerat
1815 4184 1880 4242 et
1924 4177 1992 4243 in
2036 4176 2184 4262 ipsa
2233 4176 2706 4261 disceptatione
2744 4197 2892 4263 sup·

614 4371 657 4440 ¹)
694 4374 760 4427 In
796 4372 1073 4427 Sita-Ber.
1100 4373 1151 4427 d.
1180 4373 1233 4428 k.
1276 4373 1435 4442 Bayr.
1465 4373 1633 4428 Acad.
1664 4374 1714 4427 d.
1745 4373 2078 4428 Wissensch.
2109 4373 2483 4442 (philos-hist.
2510 4373 2713 4441 Classe)
2741 4376 2882 4430 1886

429 4479 482 4529 P.
524 4464 781 4617 ¹27²)Sgg·
801 4569 845 4607 e.
887 4569 931 4606 c.
971 4552 1112 4606 OJA.
1151 4552 1206 4606 II
1224 4553 1311 4605 51.
1348 4551 1471 4605 382.
1496 4580 1557 4589 —
1581 4552 1790 4606 Eadem
1816 4552 2056 4606 formula
2084 4552 2257 4606 etiam
2274 4551 2334 4605 in
2361 4549 2621 4620 προξενίας
2651 4552 2883 4608 decretis

431 4641 664 4710 legitur3
722 4642 790 4696 cf.
840 4641 982 4696 CJA.
1031 4642 1085 4695 Π
1105 4641 1192 4695 47.
1241 4641 1328 4695 50.
1421 4642 1501 4695 De
1557 4640 1661 4695 hac
1714 4641 1954 4695 formula
2008 4641 2484 4710 probuleumatica
2537 4641 2604 4696 cf.
2664 4642 2887 4697 Hartel:

434 4729 653 4784 »Studs
694 4749 747 4799 p.
792 4731 890 4785 166
928 4748 1073 4798 sqq.;
1114 4731 1182 4785 cf.
1222 4731 1395 4785 etiam
1421 4731 1753 4798 Monceaux:
1790 4731 1921 4785 »Les
1945 4731 2102 4784 Prox.
2132 4730 2434 4798 Grecques«
2465 4748 2521 4799 p.
2557 4730 2636 4783 12.
2668 4731 2736 4785 78
2768 4749 2887 4800 sqq.
