3567 5392
1606 410 1692 473 49

420 602 735 686 solebant,
750 603 796 684 ¹)
846 622 1016 685 quae
1043 602 1424 685 largitiones
1452 611 1685 687 postea
1713 622 1832 694 per
1858 601 2250 688 Agyrrhium
2292 602 2614 687 quendam
2645 610 2878 669 auctae

421 716 586 774 sunt.
680 709 839 774 Cum
885 717 1103 773 autem
1147 708 1438 774 Eubulus
1468 707 1718 775 reditus
1764 709 2061 795 publicos
2108 709 2609 796 administraret,
2656 730 2878 776 omnes

422 836 505 882 ex
567 814 886 882 reditibus
954 814 1320 901 superfluae
1384 816 1701 900 pecuniae
1765 817 2007 902 populo
2066 816 2264 883 datae
2333 825 2498 885 sunt.
2514 819 2569 899 ²)
2662 816 2878 895 Quare

420 921 857 1007 Apollodorus
913 922 1511 990 Ps.-Demosthene
1570 920 1743 1010 [LIX
1798 927 1862 990 4.
1911 921 1976 1011 5]
2035 930 2300 989 auctore
2347 944 2490 990 cum
2536 945 2706 990 anno
2753 931 2878 991 tre-

421 1029 772 1096 centesimo
830 1030 1367 1113 quinquagesimo
1428 1050 1486 1095 a.
1538 1029 1681 1096 Chr.
1726 1052 1788 1096 n.
1834 1031 2239 1114 rogationem
2296 1030 2570 1117 tulisset,
2625 1038 2697 1097 ut
2760 1052 2879 1098 eae

419 1136 756 1221 pecuniae,
804 1156 972 1220 quae
1020 1136 1103 1201 de
1147 1135 1464 1202 reditibus
1510 1135 1791 1222 publicis
1839 1143 2274 1222 superessent,
2330 1137 2399 1203 in
2446 1144 2740 1224 sumptus
2785 1140 2879 1205 rei

423 1242 726 1309 militaris
799 1242 1276 1328 adhiberentur,
1288 1242 1334 1321 ³)
1411 1242 1690 1329 populus
1766 1243 2047 1329 quidem,
2122 1251 2192 1309 ut
2266 1243 2336 1309 id
2398 1243 2600 1328 fieret,
2673 1245 2880 1329 scivit,

420 1348 853 1434 Apollodorus
900 1357 1114 1416 autem
1161 1357 1522 1437 παρανόμων
1571 1370 1611 1415 a
1642 1350 1974 1435 Stephano
2006 1350 2286 1434 quodam
2314 1356 2661 1417 accusatus
2700 1352 2879 1435 quin-

423 1457 632 1524 decim
660 1456 923 1523 talentis
944 1457 1254 1523 multatus
1284 1458 1475 1539 est34)
1508 1456 1704 1541 idque
1733 1458 1981 1543 merito,
2016 1459 2074 1524 si
2094 1457 2355 1541 quidem
2377 1464 2441 1524 et
2460 1459 2565 1524 lex
2594 1458 2800 1524 valuit
2811 1459 2879 1544 ⁵),

424 1584 593 1648 quae
642 1585 786 1630 eam
832 1565 1235 1648 rogationem
1298 1564 1450 1630 ferri
1507 1565 1791 1649 vetabat,
1854 1585 2065 1648 neque
2119 1564 2555 1650 Apollodorus
2609 1566 2880 1650 impuni-

421 1677 620 1736 tatem
665 1670 942 1754 rogandi
991 1670 1116 1736 sibi
1172 1670 1458 1736 dandam
1514 1671 1781 1736 curavit.
1873 1672 2264 1757 Impunitate
2320 1678 2534 1738 autem
2590 1673 2878 1756 rogatori

429 1798 595 1862 opus
642 1777 779 1862 fuit,
825 1776 1096 1863 perinde
1142 1798 1223 1843 ac
1271 1779 1324 1843 si
1373 1778 1518 1861 quis
1564 1785 1844 1862 rogaret,
1907 1784 1977 1844 ut
2019 1778 2314 1863 pecuniis
2369 1778 2499 1845 illis
2556 1780 2879 1865 sepositiS,

434 1884 518 1951 de
568 1886 799 1969 quibus
844 1886 1041 1971 paulo
1090 1893 1243 1952 ante
1290 1885 1588 1970 diximus,
1653 1894 1940 1953 uteretur
2002 1887 2302 1972 populus.
2404 1887 2665 1953 Summa
2712 1887 2880 1953 enim

421 1992 649 2078 populi
693 1999 991 2077 potestas
1038 1993 1380 2076 rogatione
1409 1993 1794 2069 violabatur,
1845 2013 2040 2077 quam
2072 1993 2223 2059 ferri
2252 1994 2531 2078 populus
2569 1999 2881 2060 vetuerat.

420 2102 494 2166 Si
538 2100 958 2165 nihilominus
986 2100 1286 2184 populus,
1334 2107 1405 2165 ut
1432 2101 1686 2183 rogatio
1727 2099 2018 2184 ferretur,
2067 2103 2387 2167 concessit
2417 2102 2572 2166 etin
2600 2101 2882 2184 gratiam

423 2206 700 2274 alicuius
736 2206 1015 2273 hominis
1046 2206 1153 2272 lex
1191 2207 1449 2273 sublata
1497 2215 1613 2291 est,
1659 2206 1748 2291 id,
1794 2208 1922 2273 nisi
1967 2207 2139 2273 ἄδεια
2184 2207 2343 2273 data
2371 2214 2547 2274 esset
2577 2207 2882 2293 rogatori,

418 2315 563 2381 fieri
608 2336 736 2380 non
781 2315 1010 2400 potuit.
1100 2315 1195 2379 Re
1241 2334 1398 2380 vera
1446 2321 1664 2379 autem
1708 2313 1827 2378 illa
1873 2314 1978 2380 lex
2028 2352 2110 2361 --
2161 2315 2219 2380 si
2266 2313 2528 2398 quidem
2558 2314 2765 2379 valuit
2802 2353 2872 2362 --

418 2441 542 2487 nec
597 2442 733 2497 rem
787 2423 1116 2508 publicam
1169 2442 1290 2487 nec
1336 2427 1406 2487 τὸ
1452 2428 1656 2488 κοινόν
1712 2423 2031 2506 tuebatur,
2098 2420 2215 2488 sed
2264 2421 2497 2487 civium
2545 2422 2884 2488 commoda

416 2527 747 2611 quaedam
804 2549 949 2595 cum
1005 2528 1239 2594 damno
1304 2529 1400 2593 rei
1454 2528 1788 2613 publicae,
1853 2548 2054 2611 quare
2128 2529 2332 2602 ἀδείας
2382 2526 2762 2614 institutum,
2826 2529 2884 2595 si

418 2628 684 2719 rogator
759 2656 906 2701 eam
987 2635 1310 2721 petiisset,
1397 2635 1463 2700 in
1538 2634 1663 2701 hac
1735 2655 1806 2700 re
1879 2655 2184 2720 perverse
2256 2634 2614 2701 adhibitum
2690 2644 2883 2702 esset.

425 2742 703 2807 Omnino
766 2748 986 2808 autem
1050 2741 1333 2807 dubitari
1380 2762 1505 2808 non
1555 2747 1789 2826 potest,
1856 2742 2007 2824 quin
2065 2743 2342 2827 populus
2389 2742 2455 2807 in
2502 2731 2884 2827 Apollodori

420 2848 838 2915 damnatione
885 2862 1122 2939 γραφῆς
1153 2856 1512 2936 παρανόμων
1557 2848 1962 2915 institutione
2008 2857 2143 2913 tam
2178 2849 2530 2915 insolenter
2575 2869 2733 2916 usus
2780 2849 2884 2934 sit,

420 2962 493 3021 ut
539 2977 620 3023 ex
676 2956 1077 3022 democratia
1142 2957 1268 3021 iam
1334 2954 1584 3042 pridem
1651 2955 2050 3021 ochlocratia
2115 2955 2413 3021 videatur
2475 2956 2654 3021 facta
2717 2975 2881 3024 esse.

417 3064 589 3130 Nam
642 3063 764 3147 lex,
813 3064 1070 3129 etiamsi
1116 3062 1497 3147 Apollodori
1545 3063 1951 3146 rogationem
1998 3062 2149 3127 ferri
2196 3063 2479 3147 vetabat,
2543 3063 2628 3128 ab
2675 3064 2884 3129 altera

421 3169 870 3254 dissentiebat,
946 3190 1113 3252 quae
1179 3170 1493 3254 pecunias
1559 3189 1641 3234 ex
1704 3167 2021 3234 reditibus
2090 3168 2450 3254 superfluas
2515 3170 2581 3234 in
2644 3169 2884 3235 bellum

422 3275 779 3360 gerendum
826 3277 1060 3342 insumi
1106 3276 1374 3359 iussitf)
1465 3277 1567 3359 At,
1632 3297 1785 3341 num
1840 3296 1910 3340 re
1963 3297 2120 3342 vera
2178 3296 2258 3341 ea
2315 3275 2507 3341 fuerit
2562 3274 2688 3362 lex,
2754 3298 2880 3342 non

421 3384 586 3450 satis
633 3383 852 3466 liquet.
960 3384 1017 3447 A
1075 3382 1513 3467 grammaticis
1536 3383 1583 3463 ⁷)
1650 3381 1912 3466 quidem
1977 3381 2253 3447 traditur
2308 3403 2436 3447 non
2489 3383 2690 3449 multo
2737 3390 2886 3469 post

427 3511 698 3556 causam
727 3489 1110 3584 Apollodori
1139 3489 1567 3555 diiudicatam
1595 3489 1831 3555 Eubuli
1866 3509 2066 3574 opera
2110 3489 2324 3573 legem
2370 3489 2693 3574 perlatam
2721 3511 2883 3576 esse,

611 3633 650 3694 ι)
690 3633 771 3687 Cf.
810 3633 1004 3687 Busolt
1042 3633 1073 3699 ξ
1114 3632 1215 3687 138
1252 3651 1304 3703 p.
1351 3633 1466 3687 124.

607 3724 653 3788 ²)
690 3723 759 3777 cf.
808 3722 1176 3776 Schoemann:
1234 3724 1396 3777 »Ant.
1444 3723 1490 3776 i..
1528 3740 1580 3791 p.
1622 3722 1746 3777 Gn«
1791 3739 1845 3791 p.
1885 3721 1987 3776 307
2027 3740 2134 3790 sq.;
2193 3721 2409 3775 Gilbert
2446 3721 2473 3774 Ι
2508 3739 2560 3790 p.
2602 3721 2721 3774 229.
2762 3721 2885 3776 318.

419 3813 552 3877 3203
591 3812 787 3867 Busolt
824 3811 855 3877 ξ
902 3812 998 3865 178
1036 3829 1089 3880 p.
1136 3814 1249 3867 160.
1291 3812 1322 3878 ξ
1361 3813 1466 3865 213
1502 3830 1556 3881 p.
1597 3811 1716 3865 188.
1757 3814 1786 3873 ἓ
1816 3808 1922 3865 224
1958 3828 2012 3879 p.
2045 3811 2171 3875 198;
2212 3810 2888 3865 cf.Hauvette-Besnault

418 3920 469 3970 p.
514 3903 618 3955 133
656 3919 773 3971 sqq.
842 3900 1120 3971 Imprimis
1149 3902 1462 3956 conferatur
1488 3901 1555 3955 de
1583 3901 1687 3955 hac
1712 3918 1771 3955 re
1799 3901 2226 3955 Fickelscherer:
2271 3899 2369 3953 »de
2396 3899 2653 3953 theoricis
2684 3899 2885 3954 Athen.

417 3991 696 4059 pecuniis«
738 3990 979 4060 (Lipsiae
1022 3990 1193 4053 1877).

605 4077 653 4146 8)
691 4079 758 4134 cf.
797 4079 1079 4134 Schaefer:
1124 4080 1436 4135 »Demosth.
1477 4097 1528 4133 u.
1569 4078 1717 4133 seine
1754 4078 1904 4132 Zeit«
1948 4076 2029 4131 11²
2066 4077 2231 4146 (Lips.
2278 4075 2436 4142 1886)
2475 4076 2544 4129 82
2555 4098 2569 4141 3
2609 4077 2829 4131 Gilbert
2858 4077 2887 4131 I

419 4187 472 4238 p.
511 4169 635 4222 229.
674 4169 779 4224 320
817 4173 874 4223 et
912 4167 1098 4223 adnot.
1139 4169 1196 4234 3;
1264 4168 1669 4223 Fickelscherer
1706 4168 1743 4222 l.
1782 4167 1819 4220 1.
1859 4185 1910 4235 p.
1951 4167 2022 4220 24
2060 4184 2177 4234 sqq.

603 4257 654 4325 ⁴)
693 4258 761 4313 cf.
799 4258 1372 4313 Hauvette·Besnault
1407 4276 1461 4327 p.
1506 4259 1629 4322 134;
1677 4258 1897 4325 Sauppe
1948 4256 2019 4311 ad
2065 4256 2218 4310 Dem.
2267 4258 2410 4310 orat.
2459 4254 2687 4323 Olynth.
2727 4256 2754 4309 Ι
2793 4256 2859 4310 19
2872 4277 2886 4320 ;

421 4347 831 4402 Fickelscherer
867 4348 904 4401 l.
943 4348 979 4402 l.
1019 4366 1071 4416 p.
1112 4348 1196 4401 25.

603 4435 654 4502 ⁵)
692 4436 751 4490 Si
786 4454 897 4490 non
933 4436 1190 4503 valuerit,
1228 4436 1589 4505 Apollodorus
1627 4434 1926 4505 illegitime
1964 4435 2257 4489 damnatus
2295 4437 2395 4488 est.

604 4524 653 4592 ⁰)
692 4526 759 4581 cf.
803 4525 1000 4593 [Dem.]
1039 4525 1162 4579 LIX
1198 4527 1258 4590 43
1298 4525 1517 4580 Gilbert
1553 4525 1587 4579 l.
1628 4525 1665 4580 l.
1705 4525 1731 4579 I
1768 4542 1821 4593 p.
1862 4525 1982 4579 320.

606 4613 647 4680 ⁷)
686 4616 766 4670 De
802 4615 910 4670 hac
944 4614 1069 4684 lege
1106 4615 1174 4668 cf.
1214 4614 1468 4669 Schaefer
1502 4614 1538 4668 1.
1579 4614 1615 4668 l.
1654 4610 1706 4667 1²
1760 4614 1927 4683 (Lips.
1969 4612 2130 4681 1885)
2176 4632 2229 4682 p.
2269 4613 2373 4667 208
2404 4631 2509 4681 sq.;
2551 4611 2777 4681 ⁴Sauppe
2815 4612 2888 4666 ad

421 4707 560 4760 orat.
601 4704 830 4773 Olynth.
870 4705 897 4758 Ι
935 4704 966 4770 ἓ
1011 4705 1099 4768 19;
1136 4702 1544 4757 Fickelscherer
1580 4703 1615 4756 1.
1655 4703 1691 4757 l.
1731 4720 1783 4772 p.
1822 4702 1910 4757 23.

2460 4790 2491 4842 4
