3567 5392
1645 410 1685 472 9

612 603 828 682 Quare
861 603 1140 687 denique
1170 602 1448 689 populus
1477 622 1789 668 summum
1819 602 1980 668 illud
2006 601 2422 688 privilegium
2448 600 2895 687 impertiverit,

427 718 665 798 postea
712 710 1157 777 demonstrare
1204 711 1515 793 conabor3
1562 710 1631 774 in
1686 709 2057 774 universum
2110 715 2330 774 tamen
2383 709 2515 774 iam
2569 708 2692 774 hoc
2745 708 2888 773 loco

428 819 565 885 dici
609 825 827 903 potest
874 837 1127 902 semper
1169 817 1267 882 rei
1310 816 1614 902 publicae
1661 815 2067 882 commodum
2115 835 2261 882 esse
2316 835 2598 899 causam,
2651 832 2770 880 cun
2817 819 2888 879 τὸ

426 923 636 1012 ’κὺριον
683 932 797 990 aut-
841 931 912 991 τὸ
957 932 1154 992 κοινόν
1202 930 1272 990 ut
1317 924 1609 1009 violetur,
1653 922 1934 1008 populus
1982 921 2315 989 concedat.

613 1032 748 1099 Sed
792 1033 1169 1118 priusquam
1214 1030 1303 1097 ad
1350 1030 1644 1115 singulas
1689 1050 1799 1096 res
1844 1028 2342 1115 pertractandas
2395 1049 2514 1095 nos
2560 1036 2889 1095 vertamus

428 1140 1001 1224 anquiramusque‚
1050 1137 1138 1204 ad
1184 1158 1349 1222 quas
1392 1139 1770 1222 rogationes
1816 1135 2121 1203 ferendas
2176 1136 2378 1202 ἄδειαν
2436 1135 2579 1201 dari
2635 1142 2891 1221 oportu-

431 1247 573 1332 erit,
612 1245 1109 1334 disceptandum
1145 1253 1261 1330 est,
1303 1245 1536 1329 quibus
1572 1244 1932 1310 rationibus
1958 1244 2311 1329 propositis
2350 1243 2623 1309 materia
2650 1242 2891 1329 optime

435 1352 835 1438 disponatur.
926 1352 1011 1417 Et
1055 1352 1259 1419 Iulius
1303 1353 1538 1419 Pollux
1584 1351 1771 1432 [VIII
1820 1352 1928 1436 96]
1985 1350 2245 1435 quidem
2305 1350 2388 1417 de
2444 1350 2613 1435 ἀδείᾳ
2667 1349 2893 1416 dicens

429 1459 774 1526 materiam
821 1459 1106 1545 disponit
1149 1460 1317 1526 hunc
1361 1460 1430 1525 in
1474 1459 1760 1526 modum:
1810 1457 1851 1546 ἡ
1907 1462 1971 1524 δὲ
2024 1461 2268 1545 δευτέρα
2320 1460 2617 1546 ἐκκλησία
2672 1457 2891 1524 ἀνεῖται

419 1578 555 1639 -τοῐς
599 1569 997 1653 βουλομένοις,
1042 1565 1348 1652 ἱκετηρίαν
1394 1570 1683 1653 θεμένοις,
1721 1570 1903 1648 λέγειν
1952 1566 2147 1640 ἀδεῶς
2193 1565 2362 1651 περί
2404 1589 2475 1630 τε
2522 1577 2653 1632 τῶν
2694 1563 2890 1630 ἰδίων

424 1679 554 1739 ’καὶ
607 1682 742 1739 τῶν
799 1674 1193 1761 δημοσίωνς
1252 1673 1445 1739 aliter
1497 1673 1908 1740 Schoemann
1961 1672 2108 1757 [,‚de
2163 1692 2323 1738 com.
2369 1671 2556 1737 Ath.“
2605 1693 2669 1757 p.
2718 1670 2894 1756 334],

430 1780 546 1864 qui
590 1780 756 1847 haec
803 1779 988 1845 dicit:
1041 1780 1341 1865 „Duplex
1401 1780 1602 1846 statui
1653 1786 1871 1865 potest
1924 1779 2179 1845 illorum
2235 1779 2597 1865 supplicum
2654 1798 2888 1862 genus:

428 1887 709 1954 alterum
782 1907 1027 1973 eorum,
1105 1887 1214 1971 qui
1288 1887 1635 1954 beneficium
1701 1886 1970 1971 aliquod
2031 1893 2145 1952 aut
2207 1886 2479 1952 auxilium
2544 1906 2587 1949 a
2649 1884 2891 1971 populo

428 2000 691 2078 petunt3
740 1994 1015 2060 alterum
1053 2014 1290 2080 eorum,
1332 1994 1440 2078 qui
1479 1994 1870 2061 maleficium
1906 1993 2173 2078 aliquod
2213 1993 2508 2077 delaturi,
2546 1993 2728 2058 cuius
2763 1993 2894 2077 ipsi

434 2098 668 2167 affines
700 2108 865 2185 sunt,
896 2100 1300 2183 impunitatem
1330 2121 1372 2166 a
1402 2101 1642 2187 populo
1670 2107 2010 2187 poscunt.“
2073 2100 2206 2166 Sed
2232 2100 2420 2166 nobis
2458 2099 2892 2185 explicatione

433 2207 718 2273 notionis
767 2207 973 2281 ἀδείας
1016 2207 1346 2292 privilegii
1395 2228 1592 2293 supra
1639 2207 1846 2273 allata
1890 2228 2008 2294 per
2054 2228 2125 2274 se
2170 2209 2319 2293 ipsa
2366 2206 2711 2293 dispositio
2757 2225 2890 2271 ma·

428 2314 640 2380 teriae
687 2315 753 2379 in
801 2314 967 2382 duas
1011 2321 1234 2399 partes
1282 2315 1623 2399 generales
1670 2314 1962 2381 offertur:

634 2438 895 2505 Ἀδεια
941 2441 1010 2506 ei
1057 2460 1244 2525 opus
1291 2447 1435 2526 est,
1483 2440 1607 2524 qui
1652 2440 2063 2524 rogatione
2110 2439 2377 2525 aliqua

674 2547 707 2610 I
753 2554 887 2612 aut
932 2567 1287 2613 summam
1332 2546 1603 2633 populi
1648 2552 2123 2633 potestatem
2169 2547 2604 2613 violaturus

648 2654 712 2718 11
758 2660 890 2720 aut
930 2654 1312 2720 aerarium
1350 2657 1443 2736 (a)
1485 2654 1650 2721 sive
1686 2653 1803 2721 rei
1841 2654 2198 2740 publicae
2240 2655 2334 2738 (b)
2377 2654 2541 2721 sive
2581 2652 2892 2719 deorum

767 2761 923 2845 [aut
983 2764 1073 2844 (6)
1139 2761 1406 2845 quinto
1480 2760 1786 2846 quidem
1859 2761 2173 2828 saeculo
2245 2780 2371 2827 res
2453 2760 2889 2826 familiares

767 2868 1068 2951 civium]
1114 2867 1532 2952 illegitime
1579 2868 2108 2936 deminuturus
2157 2875 2292 2937 est.

614 2992 783 3058 Ante
840 2994 1055 3058 omnia
1109 2999 1329 3060 autem
1383 3013 1799 3060 secernamus
1845 3012 2115 3060 necesse
2181 2994 2342 3073 est¹)
2409 3012 2554 3057 eam
2611 2984 2878 3055 veniam

434 3110 552 3162 vei
588 3109 1058 3175 impunitatem
1104 3101 1230 3181 (A),
1280 3121 1449 3173 quae
1484 3109 1670 3173 zegis
1702 3109 1824 3163 aut
1849 3108 2356 3174 psephismatis
2397 3107 2746 3162 cuiusdam
2792 3121 2892 3163 ro·

436 3216 672 3281 gatoti
723 3217 1126 3279 conceditur,
1175 3211 1253 3286 (h.
1302 3229 1351 3272 e.
1415 3216 1615 3271 venia
1664 3218 1777 3270 vel
1821 3217 2200 3282 impunitas
2238 3215 2573 3282 rogandi),
2627 3214 2692 3272 et
2748 3227 2893 3272 eam

434 3323 909 3388 impunitatem
948 3316 1080 3396 (B),
1120 3335 1290 3387 quae
1325 3324 1481 3388 ipsa
1516 3323 1902 3386 rogationis
1931 3323 2109 3378 finis
2141 3324 2264 3386 est,
2303 3324 2378 3377 id
2417 3324 2527 3377 est
2560 3336 2729 3388 quae
2767 3337 2892 3379 sua

430 3430 662 3497 ipsius
695 3422 902 3484 causa
932 3430 1212 3495 petitur,
1260 3419 1342 3507 (h.
1375 3444 1424 3487 e.
1463 3430 1842 3496 impunitas
1880 3430 2236 3485 indicandi
2278 3431 2523 3485 delicti
2574 3431 2644 3485 et
2692 3433 2891 3486 venia

437 3529 906 3596 commeandi).

434 3692 591 3745 nullo
626 3691 789 3746 modo
836 3691 1208 3744 demonstrare
1258 3688 1399 3743 mihi
1444 3689 1720 3745 videntur.
1795 3691 1995 3758 Itaque
2039 3689 2100 3745 in
2145 3689 2440 3760 Hyperidis
2498 3708 2680 3755 causa,
2736 3690 2892 3744 cuius

438 3779 644 3848 [Dem.]
683 3780 864 3834 XXVI
905 3780 970 3834 11
1006 3778 1347 3834 mentionem
1383 3778 1536 3843 facit,
1574 3779 1712 3834 haec
1747 3779 1867 3833 sola
1904 3778 2050 3834 actio
2087 3779 2342 3835 adhibita.
2390 3796 2505 3834 esse
2551 3779 2786 3845 videtur,
2836 3782 2894 3834 et

436 3868 513 3935 id,
542 3886 880 3937 quamquam
906 3867 1253 3937 rogationem
1271 3867 1368 3922 ille
1387 3868 1621 3922 tulerat:
1651 3859 1907 3929 εἶναιτοὺς
1921 3865 2130 3938 ἀτίμους
2149 3865 2411 3938 ἐπιτίμους,
2434 3868 2507 3923 ad
2526 3886 2695 3936 quam
2713 3867 2888 3923 feren-

437 3958 567 4012 dam
586 3956 750 4012 venia
768 3957 947 4011 cinon
966 3974 1218 4012 concessa
1236 3959 1373 4011 erat.
1413 3956 1611 4011 Confer
1637 3956 1811 4013 etiam
1840 3958 2245 4013 accusationem
2274 3957 2601 4013 Timocratis
2630 3958 2805 4025 (Dem.
2836 3974 2898 4011 or

430 4045 666 4114 XXIV).
748 4046 830 4100 De
865 4051 1037 4116 γραφῇ
1072 4044 1376 4115 παρανόμων
1413 4048 1606 4101 contra
1642 4045 1927 4102 dationem
1964 4046 2211 4103 civitatis
2247 4047 2514 4102 instituta
2549 4065 2623 4103 V.-
2649 4046 2798 4101 infra
2832 4046 2894 4100 in

436 4135 566 4190 libri
604 4133 835 4191 alterius
872 4152 989 4205 cap.
1026 4135 1082 4189 11
1118 4137 1176 4190 et
1211 4135 1309 4189 III.
1353 4163 1417 4174 —
1457 4134 1712 4190 Ceterum
1748 4136 1881 4192 huic
1917 4154 2134 4206 quoque
2182 4135 2390 4191 actioni
2437 4134 2533 4207 (γρ.
2581 4136 2722 4206 παρ.)
2767 4153 2892 4206 gra·

435 4225 695 4281 vissimae
732 4242 939 4295 poenae
976 4225 1287 4295 propositae
1327 4229 1502 4281 erant.

622 4313 666 4383 ¹)
704 4315 772 4370 cf.
809 4315 1166 4391 Mnemosyne
1202 4333 1259 4368 n.
1298 4332 1339 4372 s.
1377 4314 1481 4369 XV
1517 4333 1569 4385 p.
1607 4315 1659 4371 2.

1350 4511 1984 4542 ————-=›0>-—-—
