3567 5392
1583 415 1670 478 25

391 609 606 675 altero
636 615 853 674 autem
883 608 1174 675 eiusdem
1203 608 1373 691 legis
1401 608 1546 674 loco
1575 608 1755 692 [ibid.
1807 628 1895 673 or.
1942 607 2161 672 XXIV
2208 608 2316 691 45]
2374 607 2441 672 in
2489 628 2634 672 eum
2682 606 2862 673 debi-

397 723 601 782 torem
649 715 902 800 aerarii,
951 714 1062 798 qui
1108 714 1251 800 ipse
1297 715 1490 780 venia
1535 736 1664 780 non
1712 714 1871 780 data
1919 713 2122 780 debiti
2167 715 2615 781 remissionem
2669 734 2857 798 roga-

392 829 577 890 turus
627 822 728 906 sit,
775 821 1072 895 ἐνδείξεως
1129 822 1446 887 actionem
1503 821 1753 887 intendi
1810 822 2078 887 iubetur.
2140 819 2359 898 Quare
2405 820 2683 888 debitori
2729 820 2859 906 ipsi

392 930 653 995 veniam
706 935 930 1014 petere
983 927 1251 994 licuisse
1310 929 1447 993 veri
1501 948 1629 1015 non
1677 927 1995 994 dissimile
2041 934 2161 994 est.
2258 925 2448 1004 Quod
2495 927 2773 1011 denique
2822 947 2858 993 e

394 1035 728 1101 Plutarchi
775 1035 1036 1119 quidem
1073 1035 1289 1100 verbis
1303 1033 1353 1120 ¹)
1401 1041 1610 1120 patet,
1658 1036 1891 1118 quibus
1937 1034 2293 1119 Demaden,
2341 1036 2468 1119 qui,
2517 1055 2662 1100 cum
2709 1054 2857 1099 con-

393 1144 624 1209 stituto
672 1149 960 1228 tempore
1009 1141 1296 1207 debitum
1340 1141 1667 1227 publicum
1713 1162 1845 1208 non
1891 1141 2212 1226 solvisset,
2260 1143 2342 1208 ob
2398 1162 2542 1207 eam
2592 1162 2860 1207 causam

394 1249 606 1337 ἄτιμος
653 1249 863 1314 factus
913 1255 1066 1332 erat,
1115 1249 1327 1334 ipsum
1372 1248 1757 1333 impunitate
1805 1270 1846 1314 a
1892 1249 2134 1334 populo
2181 1249 2529 1335 impetrata
2575 1240 2855 1332 rogatio-

396 1376 545 1421 nem
593 1354 917 1440 quandam
966 1354 1053 1420 ad
1097 1356 1410 1440 populum
1456 1356 1686 1422 tulisse
1734 1355 2119 1440 docemur.²)
2214 1353 2619 1438 Quamquam
2664 1354 2859 1421 Vale·

391 1470 509 1528 ton
521 1461 574 1550 8)
621 1469 808 1548 putat
853 1462 1270 1527 Plutarchum
1317 1463 1531 1548 ipsam
1577 1461 1789 1551 ἀτίμου
1835 1462 2307 1529 restitutionem
2353 1462 2559 1529 ἄδειαν
2612 1461 2859 1528 dixisse

394 1570 541 1635 loeo
580 1569 890 1658 ἐπιτιμίας.
959 1567 1191 1649 „Quod
1230 1570 1286 1636 si
1313 1590 1532 1635 verum
1582 1576 1744 1655 est“,
1791 1570 2006 1655 pergit
2041 1569 2171 1655 ille,
2222 1590 2531 1648 „necesse
2561 1576 2661 1636 est
2690 1569 2858 1635 alius

392 1674 635 1760 aliquis
693 1678 854 1743 civis
909 1676 1213 1763 petiverit
1267 1697 1384 1762 pro
1440 1676 1736 1742 Demade
1794 1676 2106 1765 ἐπιτιμίανς
2176 1676 2396 1759 itaque
2454 1696 2598 1741 eum
2652 1677 2859 1741 civem

390 1783 524 1870 ipsi
571 1784 842 1870 primum
889 1783 1106 1860 ἄδειαν,
1155 1782 1439 1849 Demadi
1488 1783 1724 1849 deinde
1772 1782 2059 1872 ἐπιτιμίαν
2108 1782 2592 1868 comparavisse
2640 1782 2856 1849 dicere

390 1889 619 1956 debuit
664 1890 1107 1957 Plutarchus.“
1209 1890 1343 1955 Sed
1396 1889 1731 1955 Plutarchi
1783 1891 1985 1956 verba
2040 1897 2173 1956 tam
2229 1888 2518 1955 dilucida
2566 1896 2730 1971 sunt,
2788 1898 2857 1955 ut

392 1995 480 2063 de
529 2017 743 2063 errore
790 2005 904 2062 aut
949 1997 1369 2081 neglegentia
1415 1997 1524 2061 vix
1574 1997 1850 2080 cogitari
1877 1996 2105 2084 possit,
2153 2017 2354 2081 quare
2384 1997 2583 2062 verba
2614 1996 2855 2075 ῃόἱδειαν

390 2100 750 2193 εὗρόμενος“
802 2104 963 2170 nihil
1010 2103 1190 2169 aliud
1239 2103 1610 2187 significare
1657 2104 1959 2170 videntur
2003 2103 2160 2169 nisi:
2214 2104 2510 2183 „veniam
2558 2104 2697 2169 sive
2742 2102 2855 2167 im-

396 2211 757 2295 punitatem
819 2208 1095 2294 rogandi
1164 2215 1607 2276 consecutus.“
1714 2211 1928 2294 Atque
1992 2232 2075 2277 ne
2140 2231 2265 2276 uno
2334 2210 2594 2296 quidem
2656 2212 2855 2277 verbo

388 2317 685 2404 ἐπιτιμίαν
718 2316 1000 2383 Demadi
1029 2318 1390 2383 restitutam
1430 2339 1577 2384 esse
1605 2317 1995 2383 Plutarchus
2026 2317 2203 2385 dicit.
2269 2319 2356 2383 At
2384 2318 2549 2383 ἄδεια
2580 2316 2857 2402 rogandi

392 2443 710 2491 concessa
739 2433 855 2509 est,
885 2424 1099 2509 idque,
1130 2432 1199 2490 ut
1229 2423 1474 2510 opinor,
1508 2424 1805 2508 quamvis
1836 2423 2090 2490 debitor
2121 2424 2356 2489 aerarii
2388 2425 2500 2491 ille
2527 2425 2854 2491 manserit.

390 2527 587 2607 Quod
644 2531 699 2597 si
754 2552 976 2597 verum
1032 2538 1229 2614 esset,
1285 2531 1450 2597 haec
1505 2530 1783 2615 rogandi
1843 2530 1980 2597 sive
2038 2530 2298 2596 dicendi
2349 2531 2544 2597 venia
2589 2532 2856 2597 multum

396 2636 684 2704 differret
740 2639 821 2704 ab
878 2638 994 2704 illa
1049 2639 1457 2725 impunitate,
1516 2659 1708 2722 quam
1764 2638 1824 2703 is
1879 2638 2172 2723 petebat,
2230 2638 2337 2721 qui
2383 2638 2854 2704 restitutionem

394 2744 613 2830 capite
661 2744 1127 2811 deminutorum
1173 2746 1280 2812 vel
1347 2745 1706 2811 debitorum
1771 2750 2118 2828 rogaturus
2185 2745 2404 2827 erat.4)
2513 2746 2855 2830 Utcunque

391 2858 609 2917 autem
657 2872 762 2918 res
811 2874 881 2918 se
927 2853 1142 2937 habet,
1189 2872 1318 2917 non
1366 2859 1483 2937 est,
1532 2851 1707 2935 quod
1754 2850 2150 2936 dubitemus,
2197 2872 2346 2916 num
2395 2853 2609 2938 capite
2658 2851 2856 2917 demi-

392 2957 569 3024 nutis
624 2959 730 3023 vel
788 2958 1185 3025 debitoribus
1241 2959 1403 3044 ipsis
1450 2957 1732 3024 facultas
1782 2957 1984 3031 ἀδείας
2028 2958 2353 3043 petendae
2389 2958 2598 3024 fuerit.
2671 2960 2855 3043 Nam,

392 3072 467 3128 ut
521 3065 589 3130 in
644 3066 848 3131 altero
910 3066 1467 3133 commentationis
1531 3066 1695 3131 libro
1772 3064 2219 3131 demonstrare
2284 3066 2589 3151 conabor,
2653 3065 2854 3131 ἄδειαν

392 3170 611 3257 ipsam
682 3172 934 3238 debitor
1008 3174 1283 3259 supplex
1357 3171 1625 3239 deorum
1687 3172 1880 3258 petit,
1953 3172 2147 3237 venia
2219 3178 2434 3237 autem
2510 3173 2854 3258 impetrata

388 3276 673 3345 debitori
729 3281 1171 3347 remissionem
1218 3301 1454 3365 rogare
1506 3280 1717 3362 licuit3
1773 3280 1942 3346 haec
1989 3280 2159 3344 enim
2205 3280 2410 3353 ἀδείας
2457 3287 2688 3346 natura
2737 3288 2852 3365 est,

392 3392 466 3450 ut
551 3385 873 3470 illegitimi
946 3387 1195 3470 aliquid
1281 3387 1539 3473 impune
1614 3385 1900 3452 faciendi
1962 3392 2259 3472 potestas
2314 3407 2356 3451 a
2411 3394 2545 3452 toto
2611 3388 2852 3473 populo

391 3490 601 3560 detur.
615 3492 661 3571 ⁵)
783 3494 857 3559 In
912 3494 1037 3559 hac
1092 3500 1309 3559 autem
1363 3515 1433 3559 re
1492 3492 1657 3561 duas
1702 3494 2115 3579 potissimum
2161 3493 2418 3559 invenio
2467 3515 2719 3578 causas,
2769 3496 2850 3560 ob

390 3620 560 3683 quas
589 3599 761 3666 ἄδεια
791 3600 1054 3667 daretur
1083 3621 1354 3667 necesse
1400 3601 1619 3668 fuerit:
1668 3601 1961 3686 alteram,
2009 3599 2183 3684 quod
2227 3608 2492 3686 rogator
2537 3622 2854 3667 summam

392 3706 620 3791 populi
674 3714 1068 3792 potestatem
1125 3708 1330 3773 violat
1374 3745 1464 3757 —
1507 3708 1789 3794 populus
1836 3707 2004 3774 enim
2054 3707 2155 3774 ius
2200 3709 2610 3791 rogationum
2647 3709 2852 3774 feren-

392 3811 627 3878 darum
672 3815 756 3880 ab
802 3814 915 3879 illo
962 3813 1469 3899 abiudicaverat,
1515 3851 1603 3862 —
1650 3816 1944 3900 alteram,
2000 3812 2174 3897 quod
2229 3815 2328 3897 ii,·
2358 3816 2468 3898 qui
2523 3822 2850 3899 potestate

394 3920 598 3985 verba
642 3920 927 3986 faciendi
962 3921 1070 3988 vel
1107 3921 1483 4006 rogationes
1519 3920 1771 3987 ferendi
1802 3922 2122 4005 abrogata
2152 3921 2387 4006 capitis
2415 3920 2853 3989 deminutione

391 4026 679 4092 maxima
733 4028 943 4113 puniti
1000 4029 1316 4112 simulque
1372 4049 1414 4093 a
1468 4028 1607 4094 foro
1657 4028 1991 4112 sacrisque
2036 4028 2345 4113 prohibiti
2391 4036 2563 4113 sunt,
2620 4021 2854 4115 impuri

579 4203 624 4272 ¹)
660 4205 808 4260 Plut.
840 4205 1010 4259 Phoc.
1048 4206 1246 4260 XXVI.

579 4309 622 4377 ²)
659 4315 726 4367 cf.
764 4312 966 4382 Paulyi
1007 4313 1452 4382 ›Real-Encycl.‹
1492 4314 1519 4367 I
1558 4314 1606 4380 1,
1647 4314 1774 4379 168;
1823 4312 2116 4369 Caillemer
2149 4314 2189 4367 1.
2224 4314 2264 4368 1.

578 4418 622 4486 ⁸)
668 4420 736 4476 cf.
764 4421 1026 4476 Mnemos.
1055 4439 1109 4475 n.
1140 4438 1180 4474 s.
1206 4421 1308 4474 XV
1343 4438 1397 4490 p.
1426 4420 1462 4475 3
1489 4421 1615 4476 adn.
1647 4420 1703 4486 1;
1750 4439 1802 4475 v.
1840 4421 1989 4475 infra
2025 4420 2092 4476 de
2128 4421 2319 4476 eadem
2356 4438 2414 4475 re
2451 4440 2491 4475 s.
2522 4423 2635 4477 IIa.
2673 4424 2708 4476 2
2745 4442 2784 4479 s.
2816 4422 2855 4479 f.

576 4527 629 4596 ⁴)
665 4529 732 4583 cf.
771 4524 942 4578 ἄδειαν
982 4525 1107 4582 loca
1153 4527 1427 4596 quaedam
1474 4528 1713 4583 adeundi
1758 4529 1811 4583 ei
1857 4545 2181 4594 concessam,
2229 4529 2328 4596 qui
2375 4529 2444 4583 ab
2491 4529 2560 4582 iis
2604 4530 2854 4584 exclusus

390 4621 541 4683 erat;
589 4636 641 4672 v.
680 4634 848 4687 supra
883 4634 936 4686 p.
974 4617 1060 4670 22.

578 4707 621 4776 ⁸)
657 4725 710 4761 v.
747 4723 915 4775 supra
949 4724 1002 4775 p.
1042 4707 1164 4773 qu.
