3567 5392
1889 432 1977 497 44

706 627 963 695 veniam
1010 627 1218 710 dedit3
1281 647 1457 713 nam,
1505 634 1574 693 ut
1619 627 1712 694 ait
1758 628 1990 713 [Dem.]
2036 627 2246 693 LVIII
2294 630 2410 695 20:
2459 626 2560 697 οἵ).
2588 680 2603 697 .
2633 680 2648 697 .
2709 631 2797 694 δεῖ
2841 633 2950 716 τὴν
2997 631 3161 696 πόλιν

709 736 1152 824 ἀπεστερῆσθαι
1210 743 1326 803 τῶν
1388 734 1460 801 ἐκ
1518 748 1637 803 τῶν
1692 743 1884 822 νόμων
1947 738 2330 824 ἐπικειμένων
2386 741 2632 824 ζημιῶν.
2748 738 2880 802 Dat
2943 744 3163 803 autern

707 842 985 929 populus
1031 844 1289 910 veniam
1353 842 1672 910 eiusmodi
1725 843 2087 928 rogationis
2144 842 2472 930 ferendae,
2537 851 2608 910 ut
2666 843 2905 911 aerarii
2952 843 3161 910 dimit-

707 949 886 1017 tendi
951 950 1096 1037 sint,
1164 951 1444 1018 confisus
1503 949 1832 1017 debitores
1901 949 2212 1018 solvendo
2281 971 2409 1017 non
2474 969 2651 1031 esse;
2716 971 2928 1035 neque
2992 950 3163 1018 enim

709 1057 898 1123 aliter
941 1058 1054 1125 ille
1101 1057 1388 1125 debitum
1433 1057 1808 1126 remisisset.
1881 1056 2139 1126 Deinde
2180 1056 2538 1124 debitorem
2566 1057 2821 1144 aerarii,
2869 1057 2951 1125 de
2980 1059 3161 1125 cuius

706 1165 1085 1231 resitutione
1167 1166 1511 1250 agebatur,
1602 1185 1678 1232 eo
1763 1164 2106 1251 privilegio
2183 1163 2449 1249 dignum
2525 1184 2673 1232 esse
2746 1166 3102 1261 oportebat.
3116 1167 3161 1245 ¹)

713 1271 847 1338 Sed
891 1272 1017 1340 hae
1066 1293 1323 1359 causae,
1380 1293 1550 1357 quae
1596 1271 1684 1338 ad
1730 1273 1944 1358 ipsam
1998 1271 2446 1340 remissionem
2493 1271 2814 1356 gravioris
2859 1273 3163 1340 momenti

709 1385 894 1445 erant
940 1400 1132 1464 quam
1169 1379 1258 1446 ad
1284 1379 1542 1446 veniam
1573 1378 1877 1466 dandam,
1922 1401 2053 1446 non
2093 1378 2520 1448 sufficiebant.
2613 1380 2907 1464 Namque
2944 1385 3165 1446 notum

711 1493 811 1553 est
863 1487 1036 1554 viros
1082 1486 1177 1570 ,de
1231 1487 1566 1572 republica
1624 1487 1866 1572 optime
1910 1486 2205 1572 meritos,
2271 1506 2414 1553 cum
2471 1486 2815 1572 pecuniam
2877 1485 3163 1554 debitam

709 1592 993 1679 pendere
1036 1615 1165 1661 non
1211 1594 1592 1680 potuissent,
1640 1594 1707 1660 in
1751 1593 2029 1661 vinculis
2077 1592 2358 1680 publicis
2404 1599 2691 1660 mortuos
2740 1614 2887 1662 esse
2919 1613 3163 1661 eorum-

711 1721 835 1784 que
911 1701 1141 1787 ἀτιμίαν
1202 1701 1290 1767 ad
1352 1701 1523 1769 filios
1590 1702 1924 1769 transisse.
1937 1702 1985 1782 ²)
2085 1702 2171 1767 At
2233 1721 2386 1768 vero
2451 1700 2747 1768 remissio
2804 1700 3164 1767 debitorum

711 1814 895 1875 extra
979 1807 1267 1876 ordinem
1343 1809 1522 1875 facta
1597 1815 1696 1875 est
1770 1809 2167 1895 temporibus
2240 1807 2839 1894 periculosissimis,
2933 1808 3163 1893 quibus

708 1915 985 2001 populus
1042 1915 1334 1983 omnibus
1391 1916 1639 1983 civibus
1696 1936 2042 2000 eorumque
2098 1915 2388 1983 consiliis
2446 1921 2510 1982 et
2570 1915 2787 2001 operis
2847 1915 3163 1999 utebatur,

709 2030 823 2089 aut
883 2022 1157 2089 tumultu
1213 2022 1520 2091 intestino
1577 2043 1892 2110 oppresso
1902 2074 1919 2110 ,
1985 2044 2127 2089 cum
2183 2022 2400 2108 facti0,
2463 2043 2630 2107 quae
2686 2021 2980 2109 superior
3034 2021 3162 2088 dis·

711 2137 1026 2215 cesserat,
1094 2129 1301 2197 satius
1366 2149 1514 2198 esse
1575 2131 1848 2216 putabat
1912 2129 2149 2217 capitis
2213 2130 2648 2197 deminutione
2713 2130 2972 2197 sublata
3034 2128 3162 2195 dis·

712 2236 968 2305 cordias
1034 2236 1260 2305 civiles
1325 2245 1391 2305 et
1443 2238 1630 2306 novis
1686 2238 1927 2305 tabulis
1992 2237 2334 2304 multorum
2388 2237 2623 2305 civium
2677 2237 2964 2324 inopiam
3018 2237 3161 2304 sub·

708 2344 947 2412 levare.

887 2557 1049 2628 IIb.
1141 2559 1481 2645 Populus
1548 2559 1617 2626 ei
1680 2559 1987 2626 veniam
2053 2559 2214 2645 dat,
2280 2559 2406 2644 qui
2464 2559 2881 2644 ‘rogatione
2945 2577 3162 2624 aera-

707 2666 899 2732 rium
945 2687 1240 2733 sacrum
1287 2667 1731 2733 violaturus
1777 2668 1901 2733 vel
1957 2667 2378 2752 illegitime
2434 2666 2972 2733 deminuturus
3029 2672 3160 2731 est.

885 2774 1223 2840 Aerarium
1267 2774 1594 2860 publicum
1640 2781 1755 2840 aut
1799 2774 2135 2859 illegitime
2182 2773 2633 2841 deminuendis
2681 2781 2795 2841 aut
2842 2760 3161 2858 augendis

705 2881 998 2968 pecuniis
1024 2882 1257 2948 violari
1283 2901 1481 2968 posse
1512 2902 1708 2967 supra
1741 2880 1831 2968 (p.
1866 2885 1979 2962 32)
2029 2882 2327 2968 exposui,
2374 2903 2525 2947 nam
2552 2881 2895 2966 integritas
2925 2880 3158 2947 aerarii

708 2990 937 3075 opibus
992 2988 1270 3074 publicis
1315 3010 1445 3055 non
1501 2989 1707 3055 solum
1763 2989 2080 3055 iacturam
2126 2989 2515 3056 facientibus
2563 2988 2682 3056 sed
2729 2988 2927 3056 etiam
2975 2992 3161 3056 extra

710 3095 1000 3163 ordinem
1063 3094 1540 3180 amplificandis
1603 3095 1901 3165 laeditur.
2011 3098 2242 3181 ltaque
2312 3096 2401 3163 ad
2466 3096 2593 3163 duo
2658 3116 2900 3180 genera
2954 3095 3160 3167 ἀδείας

706 3202 1048 3270 tractanda
1092 3222 1261 3268 nunc
1306 3201 1436 3267 iam
1483 3221 1866 3270 accessurus
1897 3223 2057 3290 sum,
2104 3204 2214 3270 ubi
2242 3203 2535 3289 pecuniis
2564 3202 2904 3287 illegitime
2931 3201 3160 3286 auctis,

708 3331 790 3376 ne
817 3309 1141 3394 integrum
1169 3309 1254 3376 sit
1282 3309 1620 3395 aerarium,
1649 3309 2040 3397 prohibetur,
2071 3329 2340 3394 eamque
2371 3311 2579 3386 ἀδείας
2607 3308 2867 3376 dandae
2896 3329 3159 3377 causam

709 3439 857 3485 esse
902 3423 1088 3503 putet
1141 3416 1494 3502 quispiam3
1517 3416 1566 3496 ³)
1626 3423 1693 3482 at
1739 3439 1875 3484 rem
1922 3418 2114 3484 aliter
2160 3438 2233 3486 se
2286 3417 2529 3484 habere
2583 3416 2964 3483 videbimus.
3065 3416 3161 3481 Ac

707 3525 979 3611 primum
1029 3523 1290 3608 quidem
1337 3523 1420 3589 de
1465 3524 1760 3609 pecuniis
1810 3523 2016 3592 sacris
2064 3523 2149 3590 ad
2183 3525 2723 3610 usum‘publicum
2755 3523 3159 3609 adhibendis,

710 3631 946 3699 deinde
985 3637 1202 3698 autem
1235 3630 1318 3698 de
1348 3631 1880 3699 extraordinariis
1910 3632 2165 3698 tributis
2196 3630 2558 3721 (εἰσφοραῖς)
2587 3631 2899 3717 rogandis
2930 3631 3160 3698 dicam.

884 3739 1250 3824 Antequam
1275 3760 1429 3806 vero
1462 3739 1529 3805 in
1559 3740 1770 3826 ipsam
1807 3760 1946 3807 rem
1973 3740 2390 3827 inquiramus,
2418 3739 2651 3828 paucis
2671 3739 3160 3807 Atheniensium

709 3847 1032 3913 aerarium
1076 3847 1405 3933 publicum
1451 3847 1770 3932 attingam
1816 3868 2088 3916 necesse
2134 3854 2253 3915 est.

885 3955 1107 4022 Persis
1181 3954 1456 4021 devictis
1514 3976 1659 4021 cum
1718 3955 1973 4048 insulae
2028 3955 2254 4023 Ioniae
2317 3954 2822 4023 Atheniensibus
2889 3953 3159 4020 ducibus

706 4063 981 4150 primum
1045 4062 1291 4129 sociale
1355 4062 1584 4132 foedus
1647 4062 1941 4142 inissent,
2038 4062 2337 4130 civitates
2401 4062 2779 4130 foederatae
2840 4060 3162 4129 aerarium

891 4278 938 4346 ²)
976 4279 1056 4335 Cf.
1093 4279 1297 4349 [Dem.]
1336 4279 1491 4334 XXV
1533 4280 1611 4333 18.
1651 4278 1831 4333 LVIII
1867 4278 1952 4333 24.

892 4367 940 4437 ²)
978 4369 1044 4424 cf.
1082 4369 1278 4424 Herod.
1318 4368 1397 4424 VI
1440 4369 1564 4434 136;
1611 4368 1753 4437 Nep.
1793 4366 2032 4424 Miltiad.
2070 4367 2205 4433 VII;
2258 4365 2497 4436 [Aesch.]
2537 4366 2696 4436 epist.
2739 4367 2821 4420 III
2859 4366 2918 4432 25
2964 4364 3158 4420 Meier:

712 4459 811 4514 »de
845 4459 970 4514 bon.
1009 4458 1225 4515 damn.‹
1266 4477 1321 4528 p.
1362 4458 1490 4524 1783
1547 4458 1614 4512 cf.
1653 4456 1827 4512 etiam
1864 4456 2462 4512 Hauvette-Besnault:
2504 4456 2636 4510 »Les
2672 4455 2955 4525 Strateges
2991 4454 3161 4509 Athe-

707 4548 894 4604 niens«
934 4567 988 4618 p.
1029 4549 1129 4602 107
1169 4566 1248 4617 sq.

890 4636 934 4708 ⁸)
971 4637 1092 4704 Qua
1128 4636 1195 4693 de
1231 4654 1398 4693 causa
1432 4637 1728 4692 nonnullas
1763 4652 1851 4690 res
1886 4635 1990 4690 hoc
2023 4635 2142 4691 loco
2178 4651 2445 4705 exponere
2480 4633 2673 4701 malui,
2710 4652 3052 4704 quamquam
3088 4633 3161 4688 ad

707 4728 944 4800 priorem
980 4725 1460 4785 commentationis
1496 4728 1715 4797 partem
1751 4725 2047 4797 pertinent.
