3567 5392
1697 414 1766 474 71

503 609 932 695 praecipuum
962 609 1064 673 ius
1093 608 1460 692 putabatur,
1499 607 1670 689 quod
1709 627 1902 671 unum
1942 606 2323 691 peregrinos
2360 606 2683 672 inferioris
2721 605 2967 672 ordinis

503 717 682 783 cives
703 717 967 782 faceret.
1027 715 1259 798 Itaque
1289 714 1459 780 sacri
1488 714 1611 780 soli
1642 720 1776 778 tum
1807 714 2063 779 demum
2088 713 2394 799 participi
2427 733 2575 780 esse
2602 714 2755 779 lieet
2782 733 2964 798 pere-

505 825 710 908 grino,
733 845 875 890 eum
895 822 1174 908 populus
1201 821 1613 907 privilegium
1639 828 1947 905 rogaturo
1975 821 2177 887 ἄδειαν
2210 821 2643 887 concessisset
2672 828 2737 887 et
2754 822 2965 905 ipsam

508 931 914 1014 rogationem
943 930 1303 1015 probasset.
1397 927 1587 1006 Quod
1614 928 1948 996 rarissime
1978 929 2085 994 vel
2113 949 2440 1012 nunquam
2471 929 2606 995 fere
2635 927 2961 995 accidisse

503 1037 857 1103 verisimile
907 1042 1023 1121 est,
1071 1056 1214 1102 eum
1261 1036 1452 1120 ἀδείᾳ,
1497 1036 1607 1101 11111
1653 1036 1973 1119 agebatur
2021 1035 2104 1102 de
2159 1036 2491 1119 inquilinis
2545 1036 2713 1101 bene
2761 1034 2844 1100 de
2889 1054 2961 1100 re

504 1144 770 1229 publiea
817 1143 1080 1227 meritis,
1128 1142 1238 1227 qui
1286 1143 1409 1209 soli
1454 1141 1620 1208 illud
1665 1144 2082 1228 privilegium
2130 1143 2255 1210 sibi
2300 1143 2657 1226 irrogatum
2701 1143 2781 1218 iri
2819 1161 2962 1228 spe-

507 1270 655 1316 rare
701 1256 1018 1335 poterant,
1034 1251 1076 1327 ¹)
1124 1252 1396 1338 ἔγκτησιν
1440 1250 1768 1334 rogaturis
1817 1270 1981 1335 opus
2026 1270 2157 1315 non
2202 1250 2422 1332 fueritt,
2454 1288 2540 1298 —
2572 1268 2961 1332 quamquam

510 1359 732 1424 nescio
781 1379 867 1423 311
914 1358 1111 1424 etiam
1157 1357 1223 1442 ii,
1253 1376 1522 1441 quorum
1556 1358 1735 1423 nulla
1762 1358 1831 1423 in
1858 1378 1996 1423 rem
2023 1358 2351 1443 publicam
2377 1358 2607 1422 merita
2638 1356 2965 1439 extabant,

513 1466 927 1533 simulatione
974 1466 1255 1549 quadam
1301 1464 1564 1550 publica
1609 1465 1909 1531 beneficii
1956 1465 2281 1531 tribuendi
2329 1483 2530 1530 causa
2556 1464 2723 1529 bene
2750 1462 2966 1529 meriti

509 1592 657 1639 esse
698 1573 1086 1642 ferebantur.
1127 1611 1215 1619 —
1254 1573 1418 1638 Illuc
1462 1573 1742 1657 pertinet
1790 1573 2017 1639 titulus
2062 1572 2318 1638 Atticus
2368 1569 2561 1659 [OJA.
2606 1571 2671 1636 II
2727 1569 2959 1654 168],2)

504 1680 633 1763 qui,
679 1687 750 1744 ut
795 1680 1057 1746 uberius
1103 1680 1227 1746 hoc
1271 1680 1415 1744 loco
1464 1686 1794 1765 tractetur,
1843 1679 2080 1764 dignus
2113 1686 2232 1746 est.
2285 1680 2485 1744 Extat
2527 1678 2696 1745 enim
2726 1683 2791 1745 et
2816 1697 2964 1762 pse-

504 1786 761 1871 phisma
810 1795 1075 1853 senatus
1125 1794 1189 1852 et
1235 1787 1459 1872 populi
1507 1786 1839 1854 decretum
1885 1787 1967 1853 de
2012 1787 2139 1854 hac
2184 1807 2284 1852 re:
2335 1787 2730 1852 Mercatores
2770 1783 2962 1850 Citiei

500 1894 777 1978 primum
800 1915 841 1959 a
861 1902 1089 1960 senatu
1118 1894 1398 1982 ἔγκτησιν
1418 1907 1532 1982 γῆς
1556 1902 1783 1980 petunt
1813 1893 1901 1959 ad
1932 1895 2167 1961 aedem
2185 1895 2455 1960 Veneris
2490 1891 2964 1959 exstruendam.

504 2001 784 2068 Senatus
814 2008 1028 2067 autem
1056 2002 1547 2086 probuleumate
1573 2021 1702 2066 non
1727 2001 2089 2087 perscripto
2121 2022 2255 2067 rem
2284 2000 2370 2066 ad
2398 1999 2706 2086 populum
2736 1997 2961 2065 defert.

508 2109 676 2172 Tum
701 2109 770 2173 in
799 2107 1077 2173 comitiis
1106 2108 1445 2192 Lyeurgus
1484 2115 1718 2193 orator,
1757 2129 1903 2174 cum
1938 2116 2332 2174 mercatores
2366 2107 2623 2194 ηέννομα
2648 2105 2960 2172 ἶκετεὸειν“

507 2213 707 2292 dieat,
727 2221 798 2279 ut
815 2214 1228 2300 privilegium
1257 2215 1340 2280 iis
1373 2215 1707 2300 irrogetur,
1740 2214 1962 2281 efficit.
2026 2214 2215 2292 Quod
2254 2235 2407 2279 num
2443 2213 2827 2299 impunitate
2863 2232 2961 2277 ro-

502 2321 705 2404 gandi
734 2342 1047 2387 concessa
1076 2320 1317 2387 factum
1347 2321 1446 2406 sit,
1476 2323 1823 2405 quaeritur.
1885 2321 2293 2406 Quamquam
2320 2328 2539 2387 autem
2557 2320 2785 2406 petitio
2800 2339 2964 2385 voce

499 2425 781 2494 ἱκετεῦειν
831 2428 1251 2512 significatur,
1306 2429 1374 2492 id
1421 2428 1594 2513 quod
1643 2449 1788 2495 eum
1834 2449 1956 2496 usu
2013 2430 2319 2513 loquendi
2377 2428 2688 2512 congruit,
2743 2435 2961 2493 tamen

494 2535 704 2601 ἄδειαν
752 2535 974 2600 datam
1022 2556 1169 2601 esse
1215 2536 1391 2600 nullo
1449 2537 1647 2602 verbo
1706 2536 2083 2602 affirmatur.
2177 2537 2351 2601 Sane
2407 2535 2668 2619 quidem
2724 2535 2829 2600 1110
2883 2534 2960 2598 ti-

500 2643 675 2709 tulus
693 2663 822 2708 non
839 2643 1065 2709 tabula
1083 2643 1346 2727 publica
1372 2642 1594 2709 Attica
1615 2651 1733 2728 est,
1766 2644 1884 2710 sed
1906 2644 2152 2710 Citieos
2170 2644 2352 2727 ipsos
2375 2643 2739 2708 columnam
2759 2648 2959 2708 statu-

497 2748 736 2814 endam
783 2750 1115 2816 curavisse
1161 2749 1446 2815 Koehler
1492 2750 1813 2835 probavit.
1829 2751 1880 2831 ³)
1976 2753 2062 2815 At
2107 2749 2178 2815 id
2221 2770 2352 2815 non
2400 2750 2701 2835 explieat,
2725 2747 2730 2752 ’
2757 2767 2960 2832 quare

500 2856 693 2922 Citiei
748 2855 948 2922 ἄδειαν
1003 2856 1330 2923 decretam
1389 2857 1647 2923 silentio
1694 2857 2180 2944 praeterissent,
2241 2858 2298 2923 si
2354 2877 2434 2921 ea
2490 2874 2653 2942 opus
2710 2854 2959 2922 fuisset.

498 2959 709 3039 Quam
755 2983 893 3029 rem
939 2963 1231 3029 homines
1279 2963 1473 3049 docti,
1528 2964 1639 3048 qui
1696 2964 1779 3030 de
1836 2965 1959 3030 hoe
2015 2964 2201 3031 titulo
2259 2963 2776 3049 disputaverunt,
2830 2981 2960 3027 non

493 3070 694 3143 verbo
743 3071 1115 3154 attigerunt.
1214 3072 1298 3136 Et
1353 3072 1632 3137 Foucart
1687 3071 1950 3155 quidem
2007 3073 2066 3152 [1.
2123 3071 2168 3137 l.
2222 3093 2284 3157 p.
2346 3071 2493 3154 129]
2548 3070 2714 3136 11300
2769 3068 2954 3135 dicit:

497 3177 1041 3255 „L'autorisation
1089 3178 1405 3244 aeeordee
1449 3199 1572 3263 par
1624 3199 1713 3244 un
1770 3177 2007 3244 double
2061 3185 2213 3245 vote
2278 3177 2363 3242 du
2431 3177 2676 3243 conseil
2742 3182 2807 3243 et
2871 3175 2958 3241 du

493 3284 733 3368 peuple
778 3292 963 3369 porte
1011 3305 1120 3350 sur
1166 3286 1337 3351 deux
1381 3285 1628 3369 points:
1677 3285 1741 3351 le
1788 3287 2067 3371 premier
2113 3292 2214 3351 est
2265 3285 2328 3350 le
2379 3283 2549 3349 droit
2598 3283 2959 3367 d'acquerir

497 3397 562 3456 et
610 3390 692 3456 de
740 3391 1057 3475 posseder
1100 3412 1189 3456 un
1235 3392 1495 3476 terrain,
1543 3390 1712 3457 droit
1759 3392 1870 3475 qui
1916 3392 2398 3477 n'appartenait
2443 3396 2484 3455 3
2531 3411 2616 3455 1111
2655 3394 2957 3474 etranger

500 3518 625 3580 que
690 3519 812 3583 par
868 3519 955 3563 un
1013 3499 1236 3564 decret
1297 3499 1548 3583 publi03
1612 3500 1676 3565 le
1742 3498 1985 3565 second
2052 3505 2151 3565 est
2213 3499 2466 3582 l'usage
2531 3502 2572 3562 3
2638 3497 2801 3563 faire
2867 3495 2954 3562 du

497 3608 743 3670 terrain
818 3612 882 3670 et
957 3606 1024 3670 la
1089 3605 1426 3671 fondation
1491 3606 1642 3672 d'un
1706 3606 1945 3691 temple
2011 3610 2322 3672 consacre
2387 3610 2428 3670 3
2495 3625 2619 3670 11110
2685 3603 2956 3669 divinite

494 3715 868 3796 otrangere.
901 3767 914 3778 .
943 3764 960 3779 .
991 3766 1002 3777 .
1030 3711 1127 3798 Μ)
1191 3712 1324 3778 Sed
1344 3713 1485 3797 hoc,
1502 3733 1649 3778 mea
1678 3713 1939 3796 quidem
1971 3713 2309 3797 sententia,
2340 3713 2479 3778 sine
2510 3713 2734 3797 populi
2762 3710 2956 3776 venia

682 3907 722 3975 ¹)
762 3907 843 3961 Cf.
882 3908 1035 3962 Dem.
1076 3907 1176 3961 XX
1217 3910 1335 3962 151.
1374 3909 1559 3962 XXIII
1597 3909 1718 3974 123;
1752 3909 2042 3963 Thumser:
2087 3908 2185 3962 »de
2222 3908 2324 3963 civ,
2364 3909 2493 3962 Ath.
2533 3926 2715 3961 muna
2757 3924 2810 3975 p.
2851 3907 2953 3960 137

492 3997 617 4050 adn.
661 3999 709 4062 1;
743 3997 1184 4051 Biiehsenschiitz
1219 4015 1272 4066 p.
1313 3999 1399 4051 41.

678 4084 721 4152 ²)
757 4085 840 4139 De
875 4086 979 4140 1100
1014 4085 1184 4140 titulo
1220 4087 1405 4155 plures
1444 4086 1560 4140 iam
1586 4085 1837 4140 homines
1859 4086 2007 4140 docti
2036 4084 2434 4140 disseruerunt:
2472 4086 2696 4139 Hartel:
2731 4083 2949 4140 »Stud.‹

490 4174 744 4242 pluribus
799 4174 956 4229 locis:
1012 4192 1068 4243 p.
1107 4175 1192 4229 37.
1243 4175 1468 4230 79-83.
1521 4176 1639 4230 148.
1688 4176 1797 4229 213
1821 4193 1904 4243 sq.
1956 4175 2060 4229 243
2072 4197 2086 4240 ;
2141 4174 2403 4229 Koehler:
2460 4175 2687 4228 Hermes
2732 4173 2784 4227 V
2822 4173 2953 4239 352;

490 4263 752 4318 Foucart:
789 4264 913 4318 »des
941 4264 1298 4319 associations
1325 4264 1644 4333 religieuses
1674 4265 1804 4319 chez
1832 4265 1910 4319 les
1948 4265 2143 4320 Grees«
2185 4263 2362 4325 (Paris
2401 4263 2561 4329 1873)
2598 4281 2652 4332 p.
2692 4264 2797 4318 128
2833 4280 2953 4331 sqq.

675 4353 718 4419 ⁸)
757 4353 825 4408 ef.
866 4354 900 4406 1.
942 4354 977 4407 1.
1016 4371 1070 4422 p.
1109 4354 1243 4418 352;
1282 4354 1476 4407 Hartel
1515 4354 1552 4407 l.
1592 4355 1628 4408 l.
1667 4372 1721 4423 p.
1760 4354 1857 4419 37;
1900 4353 2112 4408 »Wien.
2152 4353 2339 4408 Stud.‹
2380 4353 2531 4408 1276
2569 4370 2649 4420 sq.

677 4441 719 4506 ⁴)
757 4442 825 4496 ef.
875 4442 1140 4496 Schenkl:
1202 4442 1461 4496 »Wiener
1497 4442 1760 4497 Studien«
1813 4444 1867 4497 II
1912 4443 2036 4508 212,
2094 4442 2191 4511 qui
2248 4443 2386 4497 haee
2439 4442 2600 4498 dicit:
2662 4441 2952 4497 »metoecis

490 4547 671 4598 neque
709 4532 926 4600 templa
962 4532 1192 4586 condere
1228 4548 1407 4599 neque
1444 4534 1660 4585 statuas
1698 4548 1902 4601 ponere
1937 4532 2159 4596 licebat,
2208 4531 2317 4585 nisi
2351 4532 2518 4586 venia
2554 4549 2589 4585 a
2625 4535 2822 4586 senatu
2858 4548 2951 4600 po·

487 4620 733 4689 puloque
769 4621 1125 4690 impetrata«,
1164 4620 1235 4676 ad
1273 4638 1441 4688 quam
1477 4638 1594 4675 rem
1633 4620 1776 4676 CJA.
1826 4622 1881 4674 II
1926 4622 2025 4675 168
2062 4624 2119 4675 et
2156 4621 2259 4674 1175
2310 4619 2579 4689 [continet
2624 4624 2814 4675 autem
2860 4619 2955 4675 1110

487 4709 692 4763 titulus
732 4709 884 4773 (475)
924 4713 1149 4765 senatus
1185 4710 1497 4764 consultum
1536 4710 1602 4764 de
1640 4713 1835 4764 statua
1870 4715 2115 4765 metoeco
2151 4708 2429 4778 ponenda]
2469 4710 2680 4764 laudat.
