3567 5392
1831 422 1959 488 100

672 644 676 655 ·
767 642 770 645 ¹
846 617 950 702 Ei,
1009 617 1118 700 qui
1179 618 1432 682 exulum
1480 617 1956 683 revocationem
2003 623 2349 700 rogaturus
2398 623 2539 682 erat
2585 654 2670 665 -—
2719 617 2789 681 id
2836 616 3011 700 quod
3057 617 3134 682 im

669 708 1007 790 amnestiis
1035 722 1176 788 fieri
1200 724 1453 790 solebat
1472 761 1559 770 —
1579 723 1781 789 ἄδειαν
1802 723 2276 808 impetrandam
2297 722 2500 789 fuisse
2521 744 2718 809 supra
2739 729 2825 809 (p.
2857 725 2935 789 15
2958 728 3133 806 sqq.)

669 830 1271 898 demonstravimus.
1314 829 1458 907 Qua
1477 830 1752 914 rogandi
1782 830 2165 915 impunitate
2205 830 2468 896 decreta
2509 831 2657 915 ipsa
2689 830 3136 896 revocationis

669 937 926 1021 rogatio
974 937 1039 1001 in
1096 937 1373 1002 comitiis
1429 943 1701 1022 accepta
1757 944 1871 1002 aut
1929 936 2270 1020 antiquata
2327 943 2444 1005 est.
2540 936 2790 1014 Quodsi
2845 936 3136 1022 populus

667 1044 964 1109 sollemni
1010 1044 1455 1129 psephismate
1501 1063 1723 1109 omnes
1773 1044 1997 1109 exules
2043 1045 2337 1110 revocari
2382 1044 2683 1128 iusserat,
2727 1044 2793 1108 in
2841 1044 3133 1129 patriam

665 1156 801 1217 tuto
860 1150 1175 1216 redeundi
1229 1150 1327 1214 illi
1381 1157 1774 1235 potestatem
1830 1150 2208 1235 habuerunt,
2264 1171 2475 1234 neque
2531 1151 2614 1218 iis
2674 1150 2804 1216 fide
2859 1151 3135 1235 publica

666 1277 829 1342 opus
877 1256 1015 1326 fuit.
1111 1257 1222 1324 Sin
1271 1265 1485 1323 autem
1531 1258 1811 1342 populus
1858 1258 2052 1322 venia
2097 1259 2386 1341 rogatori
2444 1258 2603 1323 data
2655 1257 2932 1323 reditum
2995 1257 3122 1323 sin-

666 1364 958 1448 gulorum
1006 1364 1261 1429 exulum
1319 1364 1719 1448 decreverat,
1776 1365 1966 1430 simul
2031 1365 2356 1430 revocatis
2417 1365 2681 1430 maioris
2749 1364 3133 1431 securitatis

665 1491 866 1536 causa
919 1470 1115 1536 fidem
1171 1471 1496 1555 publicam
1555 1472 1612 1538 si
1669 1491 1800 1536 non
1855 1491 2128 1556 semper,
2186 1478 2474 1537 attamen
2533 1491 2735 1556 saepe
2792 1470 3131 1537 decretam

666 1598 815 1644 esse
861 1578 1104 1662 opinor,
1152 1598 1543 1661 quamquam
1590 1577 1658 1642 id
1705 1598 1836 1643 non
1885 1584 2059 1644 certo
2110 1579 2328 1646 scitur.
2423 1578 2566 1643 Huc
2612 1578 2937 1662 pertinent
2992 1576 3131 1641 duo

664 1685 747 1750 de
809 1683 1023 1750 reditu
1086 1684 1450 1751 Alcibiadis
1515 1685 1660 1770 loci,
1735 1685 1846 1768 qui
1920 1685 2095 1770 apud
2171 1684 2620 1770 Thucydidem
2693 1684 3121 1750 inveniuntur.

664 1789 912 1867 Quibus
958 1792 1377 1876 Thucydides
1425 1792 1610 1876 [VIII
1646 1795 1745 1877 76,
1771 1793 1832 1876 7]
1880 1792 2048 1858 haec
2095 1791 2280 1857 dicit:
2312 1789 2707 1878 Ἀλκιβιάδην
2754 1815 2836 1870 τε,
2886 1790 2962 1877 ἢν
3011 1788 3129 1856 αἰ)-0

664 1912 745 1983 τῷ
791 1898 1035 1964 ἄδειάν
1081 1922 1156 1964 τε
1200 1905 1323 1965 καὶ
1368 1902 1697 1965 κάθοδον
1743 1905 2085 1986 ποιήσωσιν,
2131 1898 2387 1986 ἄσμενον
2440 1904 2554 1986 τὴν
2607 1903 2772 1982 παρὰ
2826 1901 3133 1981 βασιλέως-

664 2006 1003 2093 ξυμμαχίαν
1076 2007 1369 2091 παρέξειν,
1435 2012 1499 2072 et
1562 2005 1713 2073 ibid.
1779 2006 1946 2092 [cap.
2011 2007 2147 2090 81]:
2224 2012 2330 2071 καὶ
2393 2008 2569 2079 τέλος
2630 2002 2722 2070 ἐπ’
2791 2005 3133 2091 ἐκκλησίας

662 2113 857 2181 ἔπεισε
906 2113 1375 2198 (Θρασῦβοολος)
1423 2119 1487 2177 τὸ
1543 2117 1788 2200 πλῆθος
1842 2126 1960 2179 τῶν
2019 2122 2413 2198 στρατιωτῶν,
2429 2115 2477 2196 ¹)
2534 2118 2641 2178 καὶ
2694 2118 3130 2202 ψηφισαμένων

664 2218 853 2286 αὐτῶν
881 2217 1245 2306 Ἀλκιβιάδῃ
1293 2223 1619 2288 κάθοδον
1665 2225 1790 2287 καὶ
1834 2221 2080 2286 ἄδειαν
2123 2223 2386 2293 πλεὺσας
2433 2219 2517 2293 ὡς
2559 2224 2664 2287 τὸν
2711 2218 3131 2309 ΤισσαφέρνηνΓ

661 2340 927 2413 κατῆγεν
974 2327 1039 2399 ἐς
1083 2333 1195 2415 τὴν
1243 2327 1449 2415 Σάμον
1496 2332 1601 2393 τὸν
1640 2324 2068 2413 Ἀλκιβιάδην.
2098 2379 2113 2393 .
2143 2379 2156 2393 .
2183 2327 2232 2405 2)
2328 2324 2500 2402 Quid
2547 2333 2762 2392 autem
2808 2326 2911 2392 his
2957 2326 3131 2391 locis

661 2454 788 2498 vox
835 2433 1037 2507 ἀδείας
1086 2433 1425 2518 significet,
1482 2425 1829 2517 quaeritur.
1921 2435 2022 2498 De
2078 2434 2481 2519 impunitatis
2538 2433 2798 2517 quidem
2855 2433 3123 2498 notione

660 2541 773 2605 vix
820 2541 1094 2624 cogitari
1140 2547 1372 2626 potest,
1419 2540 1592 2624 quod
1640 2541 2055 2606 revocatione
2104 2540 2368 2607 decreta
2399 2541 2544 2625 ipso
2574 2541 2712 2605 iure
2743 2539 3129 2606 Alcibiades·

661 2648 941 2733 impunis
989 2647 1197 2713 factus
1247 2654 1376 2731 est3
1425 2648 1646 2731 itaque
1674 2647 1842 2712 ἄδεια
1870 2648 2033 2712 nihil
2062 2648 2244 2712 aliud
2271 2648 2398 2714 nisi
2429 2648 2838 2713 securitatem
2866 2646 3129 2712 itineris-

662 2754 947 2820 faciendi
1011 2754 1269 2840 publice
1326 2754 1547 2820 datam
1605 2755 1743 2821 sive
1806 2753 2003 2819 fidem
2069 2754 2456 2839 publicamss)
2518 2754 2677 2819 mihi
2730 2753 2989 2819 videtur
3035 2753 3127 2820 si*

661 2862 992 2946 gnificare.
1038 2860 1227 2938 Quod
1256 2863 1667 2947 privilegium
1697 2882 1843 2926 cum
1863 2862 2274 2928 revocatione
2294 2863 2361 2927 in
2379 2863 2687 2927 maiorem
2709 2860 2997 2928 revocati
3019 2881 3121 2926 se·

661 2969 997 3034 curitatem
1046 2969 1348 3052 coniungi
1395 2969 1664 3053 solebat,
1710 2989 1793 3034 ne
1842 2970 1987 3051 quis
2036 2989 2180 3034 eum
2225 2970 2472 3036 violare
2520 2969 2812 3034 auderet.
2904 2970 3122 3051 Atque.

662 3074 937 3141 eandem
977 3076 1059 3140 ob
1098 3095 1364 3141 causam
1401 3075 1597 3141 etiam
1634 3075 1736 3160 iis,
1774 3077 1885 3158 qui
1920 3096 2037 3160 per
2065 3076 2514 3142 ostracismum
2546 3076 2801 3161 expulsi
2828 3082 2980 3140 ante
3010 3095 3116 3140 ex-

660 3190 843 3249 actos
874 3181 1099 3248 decem
1128 3202 1333 3248 annos
1361 3182 1806 3267 psephismate
1836 3183 2123 3248 revocati
2156 3190 2319 3267 sunt,
2338 3182 2507 3249 hanc
2535 3183 2743 3249 ἄδειαν
2767 3183 2902 3248 sive
2919 3181 3123 3248 fidem

659 3289 985 3375 publicam
1032 3311 1487 3373 nonnunquam
1535 3289 1867 3357 decretam
1917 3310 2066 3356 esse
2122 3311 2247 3355 non
2294 3291 2432 3357 veri
2480 3290 2799 3357 dissimile
2843 3289 3121 3376 videtur.

662 3396 794 3461 Sed
815 3398 955 3463 eius
986 3397 1187 3470 ἀδείας
1215 3397 1626 3482 privilegium
1653 3398 1735 3463 iis
1766 3398 2032 3462 maximi
2059 3398 2363 3462 momenti
2393 3398 2531 3481 fuit,
2563 3398 2671 3480 qui
2701 3381 3127 3462 revocatione

658 3502 940 3567 nondum
987 3502 1250 3568 decreta
1295 3504 1363 3568 in
1408 3505 1686 3588 patriam
1733 3504 1947 3570 redire
1995 3505 2351 3573 voluerunt.
2445 3505 2898 3582 Archontum4)
2944 3504 3120 3569 enim

662 3615 802 3674 erat
845 3610 1087 3694 videre,
1134 3617 1204 3674 ut
1252 3610 1472 3676 exules
1519 3611 1769 3676 iniussu
1815 3612 2039 3696 populi
2083 3611 2356 3677 reduces
2403 3618 2606 3676 morte
2653 3612 3045 3696 punirentur.
3061 3609 3127 3689 ⁵)

657 3717 885 3799 Itaque
933 3717 989 3782 si
1037 3716 1260 3782 exules
1305 3724 1720 3801 reverterant,
1777 3737 1996 3783 eorum
2054 3720 2346 3805 ἀπαγωγὴ
2404 3718 2581 3784 facta
2638 3725 2738 3784 est
2798 3717 2886 3782 ad
2941 3717 3117 3783 thes-

841 3857 882 3923 1)
920 3859 979 3915 Si
1015 3859 1075 3912 id
1110 3859 1275 3913 initio
1313 3859 1538 3927 quidem
1573 3860 1738 3913 venia
1773 3860 2022 3930 rogatori
2058 3878 2170 3914 non
2207 3861 2341 3916 data
2377 3862 2591 3915 factum
2627 3861 2718 3924 sit,
2763 3862 2966 3915 mirum
3002 3878 3119 3914 non·

656 3949 929 4013 videatur,
958 3968 1084 4003 cum
1112 3949 1249 4003 haec
1283 3949 1575 4003 revocandi
1611 3950 1755 4003 ratio
1786 3950 2226 4004 extraordinaria.
2251 3951 2439 4005 fuerit.
2493 3951 2650 4004 Iusta
2678 3954 2867 4005 autem
2903 3954 2960 4005 et
2988 3951 3114 4004 soll-

655 4038 830 4092 emnis
868 4038 1143 4093 revocatio
1180 4038 1349 4107 paulo
1386 4042 1511 4107 post
1548 4039 1783 4092 Athenis
1823 4039 2047 4093 decreta.
2083 4043 2166 4094 est
2207 4039 2288 4106 [cf.
2332 4040 2500 4094 Thuc.
2541 4040 2675 4093 VIII
2714 4040 2825 4107 97].

839 4125 881 4195 ²)
919 4128 983 4182 cf.
1024 4127 1195 4181 etiam
1241 4129 1338 4181 hos
1384 4129 1529 4182 locos
1577 4128 1973 4197 Thucydidios:
2021 4129 2103 4182 ΠΙ
2157 4131 2271 4182 114.
2321 4130 2400 4182 IV
2446 4130 2560 4194 114,
2610 4129 2706 4183 ubi
2742 4129 2914 4182 simili
2950 4128 3126 4182 modo-

651 4217 922 4271 vocabula
958 4208 1242 4285 ἄδεέστερος
1279 4219 1336 4270 et
1373 4213 1535 4277 ἀδεῶς
1572 4217 1631 4270 in
1669 4235 1772 4271 usu
1809 4221 1956 4271 sunt.

837 4303 881 4372 ⁸)
917 4325 970 4360 v,
1009 4323 1175 4375 supra
1211 4324 1265 4375 p.
1305 4308 1336 4360 5
1376 4306 1502 4361 adn.
1544 4308 1591 4362 4.

835 4394 879 4460 4)
917 4394 985 4449 cf.
1025 4395 1242 4448 Gilbert
1277 4396 1304 4448 I
1340 4413 1394 4464 p.
1434 4396 1538 4450 239
1578 4399 1634 4450 et
1672 4396 1797 4450 adn.
1838 4398 1888 4449 4.
1945 4395 2052 4450 Sed
2087 4395 2147 4449 id
2171 4396 2357 4465 potius
2384 4396 2883 4450 thesmothetarum
2912 4411 3114 4448 munus

651 4484 822 4538 fuisse
857 4483 1112 4552 probavit
1147 4484 1342 4539 Meier:
1388 4485 1486 4539 »de
1521 4486 1645 4540 bon.
1686 4484 1905 4538 damna:
1948 4484 2021 4553 (p.
2061 4486 2157 4553 43)
2194 4488 2308 4539 not.
2355 4486 2478 4550 ]27;
2509 4485 2574 4538 cf.
2614 4484 2787 4539 Meier
2823 4487 2881 4538 et
2917 4483 3111 4538 Schoe-

649 4581 821 4627 mann
857 4574 892 4626 l.
933 4573 967 4626 l.
1008 4591 1060 4641 p.
1098 4575 1183 4638 41,
1206 4574 1290 4627 37.

833 4660 876 4729 ⁶)
915 4662 981 4716 cf.
1020 4662 1157 4716 Poll.
1196 4663 1331 4716 VIII
1377 4663 1473 4727 86;
1513 4663 1577 4717 cf.
1620 4662 1792 4717 etiam
1831 4664 1984 4717 Dem.
2033 4663 2217 4716 XXIII
2264 4664 2357 4728 31;
2407 4664 2636 4717 Platner
2670 4664 2706 4716 1.
2746 4663 2783 4717 l.
2821 4661 2849 4716 I
2885 4661 2990 4716 266
3027 4678 3119 4728 sq..

649 4752 754 4805 282
791 4770 871 4819 sq.
884 4774 897 4817 ;
937 4751 1004 4805 cf.
1041 4752 1246 4806 Meuss:
1292 4751 1389 4805 »de
1427 4749 1712 4822 ἀπαγωγῆς
1750 4752 1997 4806 actione«
2039 4770 2092 4821 Ρ.
2137 4753 2201 4806 19
2238 4770 2357 4820 sqq.
