3567 5392
429 652 705 729 morant,
752 651 817 710 et
849 646 1176 728 quaeritur
1223 654 1375 711 ante
1423 647 1657 723 omnia,
1689 644 1846 729 quid
1892 645 2057 710 haec
2104 644 2277 709 ἄδεια
2326 644 2789 729 significaverit
2834 645 2901 708 in

436 752 577 817 iure
605 751 863 836 publico
883 752 1119 817 Attico.
1173 752 1385 834 Atque
1414 752 1742 817 Hermann
1781 751 2039 834 quidem
2085 751 2258 835 [„Grr.
2297 751 2458 817 Alt.“
2492 750 2559 814 1⁵
2596 754 2740 835 133,
2771 751 2834 834 3]
2851 752 2897 835 ¹)

430 857 742 943 opinatus
791 865 892 925 est
940 859 1146 925 servis
1196 879 1275 924 ac
1320 858 1685 944 peregrinis
1734 859 1801 923 in
1850 858 2167 925 eiusmodi
2216 860 2450 942 causis,
2507 879 2672 942 quas
2729 858 2892 923 dixi-

431 984 593 1049 mus,
638 965 897 1030 veniam
943 966 1048 1030 vel
1103 966 1551 1049 impunitatem
1609 966 1868 1050 publice
1926 965 2148 1030 datam
2207 985 2372 1049 esse,
2431 973 2503 1031 ut
2559 965 2643 1031 iis
2697 966 2900 1031 verba

429 1071 612 1155 apud
656 1073 965 1157 populum
1001 1073 1219 1138 facere
1262 1073 1502 1138 liceret.
1592 1073 1761 1140 Nam
1789 1092 2023 1157 reapse
2054 1081 2119 1138 et
2146 1072 2544 1156 peregrinos,
2575 1072 2703 1156 qui,
2735 1073 2898 1138 anti-

431 1177 766 1260 quissimis
799 1178 1030 1245 saltem
1058 1179 1470 1264 temporibus,
1500 1200 1705 1263 usque
1735 1179 1903 1245 adeo
1934 1180 2157 1246 hostes
2169 1180 2218 1260 ²)
2240 1181 2334 1246 rei
2363 1181 2664 1265 publicae
2690 1179 2900 1245 habiti

436 1291 601 1369 sunt,
629 1292 700 1349 ut
736 1306 843 1352 res
876 1307 1096 1352 eorum
1134 1287 1426 1353 archonti
1461 1287 1876 1371 polemarcho
1889 1286 1935 1365 ³)
1972 1286 2301 1352 curandae
2339 1287 2622 1352 traditae
2663 1293 2899 1371 essent,

437 1399 503 1457 et
528 1412 750 1459 servos
783 1394 960 1479 apud
992 1395 1279 1461 Graecos
1315 1432 1386 1441 —
1423 1415 1552 1459 non
1582 1395 1773 1461 aliter
1813 1402 2010 1479 atque
2047 1394 2223 1480 apud
2254 1396 2580 1460 Romanos
2621 1432 2702 1441 —-
2747 1414 2899 1477 neg-

431 1500 712 1565 otiorum
786 1501 1186 1586 publicorum
1262 1502 1618 1586 participes
1694 1522 1843 1568 esse
1904 1503 2011 1568 vel
2076 1502 2251 1587 apud
2315 1502 2625 1587 populum
2688 1502 2888 1566 verba

430 1606 653 1674 facere
699 1607 806 1672 lex
832 1609 1118 1691 vetabat,
1165 1629 1309 1674 cum
1356 1608 1632 1675 comitiis
1678 1609 1997 1676 interesse
2044 1609 2282 1675 nemini
2327 1609 2456 1675 nisi
2486 1609 2751 1692 civibus,
2782 1609 2892 1691 qui

429 1713 691 1798 integra
767 1714 1031 1780 civitate
1105 1714 1487 1800 fruerentur,
1554 1715 1820 1782 licuisse
1895 1716 2056 1782 satis
2133 1722 2432 1782 constare
2505 1715 2824 1783 videatur.
2836 1714 2888 1792 ⁴)

431 1820 651 1887 Nihilo
699 1828 917 1889 tamen
964 1822 1179 1888 secius
1225 1821 1401 1908 apud
1448 1823 2090 1889 Ps.·Demosthenem
2139 1823 2311 1906 [LIX
2360 1823 2466 1906 90]
2524 1822 2690 1888 haec
2736 1822 2896 1905 legi·

434 1948 607 1994 mus:
656 1930 793 2001 τοὺς
839 1931 902 1993 δὲ
955 1935 1260 2014 πρυτάνεις
1314 1932 1537 1995 κελεὺει
1590 1933 1826 1996 τιθέναι
1883 1932 2022 2003 τοὺς
2074 1930 2398 2002 καδίσκους
2451 1927 2484 1993 ὁ
2540 1936 2751 2015 νόμος.
2781 1980 2795 1995 .
2826 1980 2840 1994 .
2871 1981 2885 1993 .

433 2039 569 2119 πρὶν
625 2037 760 2108 τοὺς
818 2035 1020 2108 ξένους
1066 2034 1302 2103 εἰσιέναι
1345 2042 1450 2101 ’καὶ
1496 2041 1570 2100 τὰ
1616 2034 1799 2123 γέῤῥα
1847 2036 2125 2121 ἀναιρεῖν,
2178 2057 2258 2102 ex
2304 2056 2430 2119 quo
2478 2037 2622 2101 loco
2661 2034 2897 2101 Schoe-

434 2161 629 2206 mann
660 2141 917 2224 quidem
966 2141 1116 2225 [„de
1156 2163 1313 2210 com.
1342 2143 1529 2207 Ath.“
1563 2165 1624 2228 p.
1673 2145 1761 2210 80
1807 2143 1955 2208 adn.
2003 2144 2112 2228 33]
2127 2143 2176 2224 ⁵)
2227 2143 2502 2208 coniecit
2552 2163 2673 2221 „ex
2720 2162 2898 2207 more

434 2248 797 2332 peregrinis
875 2248 964 2313 ad
1041 2248 1235 2316 finem
1291 2249 1691 2315 comitiorum
1757 2251 1990 2316 ceteris
2059 2251 2250 2316 rebus
2305 2249 2590 2334 peractis
2647 2248 2895 2314 aditum

435 2355 822 2439 permissum
870 2357 1141 2437 esse.“⁶)
1233 2346 1452 2439 Atque
1486 2357 1682 2422 etiam
1719 2357 1883 2423 haec
1923 2357 2099 2442 apud
2137 2356 2641 2422 Demosthenem
2683 2356 2798 2439 [IX
2827 2358 2896 2438 3]

621 2604 662 2672 ¹)
701 2605 779 2660 Of.
810 2606 1033 2675 Paulyi:
1073 2606 1518 2675 »Reid-EncycL«
1552 2607 1631 2659 VI
1654 2609 1681 2660 1
1712 2625 1764 2675 p.
1801 2607 1954 2660 1092.
1983 2607 2010 2659 Ι
2034 2607 2059 2659 1
2091 2625 2144 2676 Ρ.
2176 2608 2305 2671 168;
2336 2607 2751 2662 Westermann:
2797 2606 2894 2660 »de

435 2692 587 2761 publ.
636 2694 766 2750 Ath.
815 2695 943 2750 hon.
995 2713 1059 2750 ac
1103 2712 1340 2764 praem«
1387 2695 1653 2749 Addenda
1698 2695 1769 2749 ad
1805 2693 1837 2763 ἕ
1879 2697 1908 2749 1
1947 2713 2001 2765 Ρ.
2047 2696 2081 2749 6
2127 2698 2252 2764 post
2290 2713 2339 2749 v.
2381 2697 2437 2759 73
2497 2695 2792 2750 Caillemer
2833 2696 2895 2749 in

441 2782 615 2838 »Dina
655 2783 748 2838 des
794 2784 1039 2853 antiqua<
1091 2785 1118 2838 Ι
1164 2803 1219 2854 p.
1258 2786 1328 2839 66
1365 2802 1471 2853 sq.;
1538 2785 1731 2839 Perrot
1775 2785 1813 2837 1.
1863 2785 1900 2838 1.
1947 2801 2000 2853 p.
2049 2785 2148 2838 321
2201 2784 2395 2849 (cuius.
2415 2784 2694 2839 sententia
2737 2784 2897 2839 testi-

436 2871 634 2925 moniis
671 2875 920 2927 veterum
958 2891 1068 2928 non
1106 2874 1530 2942 comprobatur).

621 2958 669 3023 ²)
706 2961 787 3016 De
832 2963 998 3016 huius
1032 2963 1187 3017 verbi
1232 2963 1458 3017 notione
1504 2962 1803 3032 principali
1849 2962 1918 3017 cf.
1958 2962 2134 3015 Varro
2171 2962 2230 3017 L.
2270 2963 2329 3016 L.
2368 2963 2420 3015 V
2447 2962 2553 3025 1‚3;
2592 2961 2701 3016 Cic.
2742 2961 2894 3016 Offio.

434 3049 461 3101 I
482 3050 566 3114 12,
606 3051 689 3104 37.

622 3137 667 3207 ⁸)
704 3140 770 3193 cf.
810 3141 947 3195 Poll.
987 3142 1121 3195 VIII
1158 3143 1255 3207 913
1303 3142 1472 3210 Harp.
1522 3159 1562 3194 s.
1601 3159 1653 3196 v.
1691 3137 2038 3210 πολέμαρχοςς
2077 3158 2128 3194 v.
2166 3140 2313 3195 infra
2349 3158 2390 3194 s.
2430 3141 2474 3193 B
2512 3142 2588 3194 2b
2617 3159 2667 3189 α.
2743 3140 2897 3207 Quod

439 3228 798 3295 antiquorum
835 3233 1145 3299 temporum
1183 3231 1508 3285 institutum
1545 3230 1718 3285 etiam
1764 3230 2064 3298 posteriore
2111 3232 2296 3283 aetate
2333 3230 2514 3283 valuit
2526 3252 2538 3293 ;
2589 3230 2655 3284 cf.
2705 3230 2897 3282 Busolt

433 3315 469 3384 ξ
504 3318 573 3371 49
612 3336 664 3386 p.
704 3320 790 3372 46.

622 3406 663 3475 ¹⁴²)
701 3403 832 3468 Τοὺς
879 3405 1307 3478 ἐκκλησιάζοντας
1345 3406 1586 3469 ἐξετάζειν
1632 3409 1781 3462 inter
1819 3409 1934 3463 aliti,
1969 3408 2373 3463 lexiarchorum
2410 3424 2706 3474 eorumque
2743 3407 2896 3460 XXX

435 3496 886 3551 administrorum
925 3516 1125 3552 munus
1163 3502 1308 3563 erat3
1359 3499 1425 3552 cf.
1466 3498 1603 3552 Poll.
1642 3499 1777 3551 VIII
1817 3498 1945 3561 104;
1994 3498 2184 3551 Perrot
2221 3497 2257 3550 1.
2297 3498 2333 3549 l.
2373 3515 2424 3565 p.
2467 3498 2534 3549 44
2573 3499 2630 3551 et
2670 3495 2796 3549 adn.
2838 3497 2893 3558 1;

435 3585 629 3639 Busolt
656 3584 688 3653 ἓ
720 3587 823 3640 189
859 3605 912 3656 p.
941 3588 1061 3653 170,
1083 3588 1206 3641 7.—-
1229 3589 1475 3657 Agorato
1512 3589 1660 3656 apud
1696 3588 1821 3656 Lys.
1860 3587 1992 3641 XIII
2033 3588 2100 3641 73
2138 3586 2196 3640 id
2232 3585 2451 3640 crimini
2504 3585 2683 3649 datur,
2732 3584 2894 3654 quod,

433 3693 560 3728 cum
597 3675 733 3729 civis
769 3693 878 3730 non
917 3679 1072 3740 esset,
1111 3680 1303 3730 tamen
1338 3676 1463 3731 iura
1500 3676 1703 3731 civium
1743 3676 2011 3730 exercuit:
2051 3675 2105 3725 τὸ
2144 3672 2356 3733 δικάζειν
2394 3673 2478 3724 καὶ
2516 3673 2570 3723 τὸ
2618 3670 2896 3743 ἐκκλησιά-

436 3761 533 3821 ζειν
590 3764 677 3814 καὶ
732 3763 786 3814 τὸ
841 3766 1040 3835 γραφὰς
1068 3764 1370 3835 γράφεσθαι.
1416 3794 1477 3803 -
1517 3766 1604 3820 Ne
1665 3765 1885 3819 isoteles
1935 3765 2159 3832 quidem
2206 3763 2444 3818 comitiis
2492 3763 2894 3826 interfuerunt3

433 3853 501 3906 cf.
542 3853 810 3908 Schenkl:
846 3854 1058 3910 »Wien.
1098 3855 1285 3909 stads
1328 3854 1383 3908 II
1420 3856 1541 3909 224.

623 3941 666 4010 ε’)
705 3943 771 3997 cf.
813 3943 1177 3999 Sehoemann:
1213 3943 1335 3999 »Gn
1366 3944 1512 3998 Ala«
1554 3944 1581 3996 Ι
1619 3943 1749 4007 384;
1781 3943 1848 3997 cf.
1878 3942 2051 3996 etiam
2077 3943 2277 3996 Mnem.
2308 3960 2362 3996 n.
2393 3960 2432 3994 s.
2463 3941 2565 3994 XV
2595 3959 2646 4009 p.
2676 3940 2744 3992 27
2775 3957 2894 4008 sqq.

620 4030 664 4098 θ)
702 4032 954 4086 Fortasse
991 4033 1095 4087 hoc
1132 4033 1266 4096 loc0,
1306 4050 1414 4100 quo
1452 4033 1520 4086 de
1557 4031 1790 4086 civitate
1826 4031 2134 4100 peregrinis
2171 4030 2353 4085 danda
2381 4029 2587 4099 agitur,
2625 4046 2736 4082 non
2773 4029 2894 4096 qui·

435 4121 576 4176 libet
614 4121 893 4190 peregrini
931 4121 1238 4190 promiscue
1275 4121 1551 4186 dicuntur,
1589 4120 1684 4175 sed
1729 4120 1860 4174 novi
1906 4123 2132 4174 tantum
2189 4118 2350 4184 cives,
2405 4118 2503 4186 qui
2560 4115 2893 4188 δημοποίητοι

435 4212 727 4280 vocantur3
766 4208 828 4262 hi
865 4209 1029 4274 enim,
1079 4213 1381 4278 antequam
1429 4210 1667 4279 populus
1712 4209 1773 4263 in
1820 4208 2063 4263 maximo
2121 4206 2412 4262 comitiatu
2469 4207 2755 4261 civitatem
2805 4207 2893 4261 de·

433 4298 711 4362 crevisset,
750 4298 994 4351 nondum
1034 4298 1194 4363 cive8‚
1234 4300 1327 4353 sed
1362 4299 1644 4369 peregrini
1682 4302 1858 4354 erant.
1918 4299 1995 4353 At
2032 4297 2090 4351 id
2126 4314 2239 4351 non
2276 4300 2488 4351 certum
2526 4300 2624 4350 est.
2681 4297 2893 4365 Nuper-

437 4387 575 4442 rime
595 4387 861 4441 Valeton:
894 4388 1155 4443 Mnemos.
1180 4388 1217 4443 1.
1248 4389 1285 4441 l.
1325 4388 1492 4443 aliter
1528 4392 1585 4443 et
1622 4388 1900 4457 sagaciter
1935 4387 2033 4442 ille
2069 4387 2293 4455 quidem
2330 4386 2398 4440 de
2435 4386 2540 4439 hac
2575 4403 2633 4441 re
2670 4386 2800 4456 egit.
2825 4415 2895 4464 5-

434 4477 807 4545 Nequaquam
862 4479 1031 4532 servis
1077 4479 1237 4532 licuit
1297 4478 1537 4533 comitiis
1591 4478 1855 4532 interesse
1917 4477 2008 4544 [cf.
2065 4477 2433 4531 Schoemann:
2498 4475 2620 4529 »Gn
2672 4475 2818 4529 Alt.«
2870 4475 2897 4528 Ι

434 4566 556 4631 352,
596 4567 679 4635 6];
727 4568 1017 4622 Menandri
1054 4569 1279 4622 verbum
1329 4567 1421 4634 (cf.
1459 4566 1739 4621 Meineke:
1786 4567 2007 4635 Fragm.
2058 4566 2265 4633 comio..
2287 4566 2379 4620 Gr.
2419 4565 2525 4618 vol.
2563 4564 2641 4617 IV
2678 4582 2730 4632 p.
2776 4563 2897 4629 181)

434 4657 730 4711 memoriae
765 4658 1046 4726 proditum
1082 4660 1192 4711 est:

768 4790 780 4801 .
804 4789 815 4801 .
842 4790 852 4800 .
878 4743 1181 4799 ,Μεταδίὸου
1226 4742 1509 4816 παῤῥησὶας
1548 4743 1639 4812 (sc.
1677 4749 1747 4812 τῷ
1786 4740 1986 4811 δούλῳ),
