3567 5392
1942 424 2026 488 26

763 617 1131 701 creduntur,
1214 638 1407 701 quam
1490 618 1571 683 ob
1662 638 1927 684 causam
2009 618 2103 683 rei
2186 618 2489 703 publicae
2570 638 2805 683 numen
2889 615 3216 701 quoddam

763 724 1067 809 divinum,
1096 725 1153 790 si
1198 723 1460 808 publica
1506 725 1773 808 negotia
1821 732 2146 811 exercent,
2193 724 2516 811 polluunt,
2564 725 2737 809 quod
2785 724 2997 791 scelus
3045 725 3221 810 ἀδείᾳ

757 830 1146 918 expiandum
1197 837 1313 898 est.
2044 847 2054 856 ·

932 992 1071 1056 Iam
1120 993 1425 1058 absoluta
1472 990 1556 1058 de
1613 991 1829 1078 capite
1886 991 2234 1060 deminutis
2290 991 2712 1059 restituendis
2773 991 3220 1078 disputatione

754 1119 894 1165 rem
940 1097 1028 1164 ad
1064 1097 1675 1167 Ps.-Demosthenis
1720 1099 1932 1165 locum
1983 1099 2214 1183 [LVIII
2254 1099 2423 1183 27]¹)
2471 1100 2899 1185 pertinentem
2946 1098 3221 1166 strictim

759 1206 1083 1289 attingere
1102 1205 1317 1273 liceat.
1386 1190 1545 1271 Ciun
1563 1205 1733 1271 enim
1751 1206 1917 1271 haec
1935 1207 2134 1272 verba
2161 1205 2490 1290 legantur:
2522 1203 2590 1271 οἰ)
2620 1208 2714 1271 διὰ
2744 1211 2845 1294 μὲν
2875 1211 2982 1293 τὴν
3008 1210 3224 1272 τουτου

755 1317 1040 1399 πονηρίαν
1106 1318 1222 1392 (sc.
1281 1322 1383 1377 τοῦ
1438 1311 1781 1398 Θεοκρίνου)
1848 1311 2110 1402 ἁδελφὸς
2174 1311 2354 1379 αυτοῦ
2418 1315 2816 1401 θεσμοθετῶν
2872 1318 2979 1378 καὶ
3030 1317 3221 1398 τοὺτῳ

754 1424 1063 1507 χρώμενος
1110 1421 1427 1507 συμβουλῳ
1476 1429 1736 1492 τοιοῦτος
1781 1419 1946 1492 ἔδοξε
1991 1416 2134 1506 παρ’
2182 1415 2314 1507 ὑμῖν
2359 1419 2682 1505 ἄνθρωπος
2730 1418 2899 1498 εἶναι,
2956 1416 3100 1485 ὥστ’
3149 1417 3224 1486 οἰ)

758 1532 933 1614 μόνον
992 1524 1170 1599 αὐτὸς
1217 1525 1736 1614 ἀπεχειροτονήθη
1781 1535 1896 1592 τῶν
1943 1527 2419 1614 ἐπιχειροτονιῶν
2469 1524 2686 1603 οὒσῶν,
2744 1526 2907 1592 ἀλλὰ
2959 1531 3067 1590 ’καὶ
3111 1531 3220 1614 τὴν

696 1692 711 1701 .
757 1634 952 1720 ἀρχὴν
1002 1631 1238 1698 ἅπασαν
1286 1637 1498 1715 (omne
1545 1632 1706 1698 illud
1736 1633 2311 1699 thesmothetarum
2341 1631 2713 1720 collegium)
2761 1634 3065 1721 ἐποίησεν·
3110 1638 3223 1699 καὶ

755 1738 807 1803 εὶ
852 1744 936 1828 μὴ
984 1741 1274 1827 δεομένων
1323 1737 1512 1805 αὐτῶν
1558 1745 1662 1805 καὶ
1708 1738 2106 1818 ἱκετευόντων,
2154 1745 2259 1804 καὶ
2286 1743 2576 1824 λεγόντων
2609 1739 2694 1813 ὡς
2731 1737 2923 1805 οὒκὲτι
2956 1746 3224 1825 πρόσεισι

756 1846 1084 1932 Θεοκρίνης
1136 1851 1285 1931 πρὸς
1338 1850 1444 1933 τὴν
1499 1846 1724 1934 ἀρχήν,
1783 1849 2105 1934 ἐπείσθητε
2160 1843 2326 1934 ὑμεῖς
2379 1852 2485 1912 καὶ
2539 1850 2713 1912 πάλιν
2772 1845 3025 1911 ἀπέδοτε
3079 1849 3222 1920 τοὺς

754 1959 1080 2042 στεφάνως
1135 1951 1355 2027 αὐτοῖς,
1417 1958 1652 2019 πάντων
1717 1952 1793 2019 ἂν
1860 1952 2139 2040 αἴσχιστα
2194 1953 2248 2019 οἱ
2294 1961 2680 2040 συνάρχοντες
2726 1952 3149 2033 ἐπεπόνθεσαν,
3161 1953 3220 2040 ²)

758 2061 1112 2144 quaeritur,
1167 2067 1377 2124 utrum
1430 2060 1554 2125 hoc
1609 2060 1752 2124 loco
1802 2057 1884 2124 de
1933 2060 2100 2146 ἀδείᾳ
2147 2061 2421 2145 cogitari
2478 2060 2705 2146 possit,
2768 2060 2862 2125 ita
2918 2067 3005 2146 ut,
3072 2081 3221 2126 cum

757 2167 1037 2253 populus
1101 2168 1167 2232 in
1234 2167 1510 2235 comitiis
1573 2166 1722 2232 illos
1793 2187 2039 2251 omnes,
2116 2188 2278 2250 quos
2355 2165 2985 2235 Ps,-Demosthenes
3049 2188 3219 2233 com-

760 2280 1092 2359 memorat,
1138 2273 1379 2338 honore
1434 2274 1778 2358 privasset,
1838 2294 2056 2339 eorum
2111 2274 2583 2339 restitutionem
2639 2273 2765 2339 nisi
2818 2275 3013 2339 venia
3068 2294 3219 2340 con-

759 2401 949 2446 cessa
994 2377 1247 2464 rogare
1272 2401 1399 2446 non
1446 2381 1718 2448 licuerit.
1815 2381 1996 2446 Sicut
2043 2381 2213 2445 enim
2258 2379 2469 2467 ἄτιμος
2515 2380 2639 2463 nisi
2687 2380 2880 2446 venia
2926 2381 3220 2465 rogatori

760 2487 920 2552 data
974 2488 1040 2553 in
1096 2488 1433 2573 pristinum
1488 2494 1728 2554 statum
1783 2487 2223 2553 restituendus
2286 2507 2414 2552 non
2479 2494 2646 2564 erat,
2714 2487 2809 2552 ita
2863 2509 2946 2553 ne
3004 2487 3216 2576 ἄρχων

759 2593 1020 2678 quidem
1036 2595 1661 2682 καταχειροτονηθείς,
1691 2616 1733 2659 a
1762 2615 1890 2678 quo
1910 2595 2038 2679 ipsi
2068 2593 2390 2660 heliastae
2410 2615 2639 2661 munus
2660 2593 3213 2662 abiudicaverant.

761 2702 1059 2767 Ceterum
1078 2701 1145 2766 id
1167 2722 1421 2785 quoque
1439 2701 1791 2767 verisimile
1822 2708 1939 2779 est,
1971 2700 2464 2785 magistratibus
2492 2723 2533 2767 a
2563 2723 2634 2768 re
2662 2701 2923 2787 publica
2952 2704 3219 2769 remotis

758 2811 861 2877 ius
913 2819 1057 2887 „roo
1104 2811 1285 2890 λέγειν
1331 2809 1392 2874 ἐν
1438 2821 1522 2894 τῷ
1569 2811 1780 2896 δήμῳ“
1832 2809 2215 2892 abrogatum
2261 2809 2320 2874 h.
2370 2830 2425 2875 e.
2475 2829 2589 2876 eos
2637 2808 2861 2892 aliqua
2908 2831 2989 2876 ex
3024 2817 3214 2896 parte

682 2990 687 2995 ,
763 2917 966 3004 ἀτιμίᾳ
1030 2915 1301 2982 affectos
1359 2916 1589 2998 esse.⁸)
1684 2913 1875 2992 Quod
1931 2915 1988 2981 si
2041 2935 2264 2981 verum
2322 2924 2524 2999 esset,
2586 2917 2668 2983 iis
2723 2918 3218 3001 magistratibus

758 3024 953 3089 venia
1000 3021 1256 3088 demum
1303 3021 1461 3088 data
1507 3043 1549 3086 a
1593 3022 1835 3107 populo
1881 3023 2356 3088 restitutionem
2401 3031 2623 3108 petere
2671 3023 2983 3091 licuisset.
3079 3024 3216 3091 Sed

758 3131 885 3210 hic,
937 3150 1125 3214 quem
1173 3151 1369 3216 supra
1416 3128 1622 3212 attuli,
1668 3127 1852 3195 locus
1899 3128 2030 3194 alio
2076 3128 2270 3194 modo
2318 3129 2744 3216 explicandus
2791 3129 3065 3200 videtur.
3144 3132 3218 3198 Si

762 3237 932 3304 enim
977 3238 1257 3323 populus
1304 3237 1370 3302 in
1418 3235 1848 3325 ἐπιχειροτονίοι
1886 3245 2001 3301 τῶν
2040 3236 2354 3324 ἀρχόντων
2392 3238 2844 3322 magistratum
2875 3238 3216 3325 quendam,

762 3343 846 3410 de
911 3365 1035 3427 quo
1098 3345 1402 3428 querelae
1466 3349 1681 3409 motae
1745 3349 1981 3428 essent,
2045 3345 2447 3430 abrogasset,
2508 3332 2594 3409 id
2628 3346 2858 3411 scitum
2922 3345 3215 3411 heliasti-

765 3454 860 3520 cis
906 3452 1227 3518 iudicibus
1276 3458 1389 3516 aut
1436 3450 1981 3535 comprobandum
2030 3457 2144 3516 aut
2189 3451 2655 3534 antiquandum
2695 3459 2851 3517 erat.
2913 3449 3016 3516 De
3046 3451 3216 3536 ἀδείᾳ
3293 3484 3296 3485 ⁷

762 3560 962 3646 igitur
1007 3559 1280 3644 cogitari
1326 3563 1568 3643 posset,
1614 3557 1670 3623 si
1719 3556 1802 3622 de
1848 3557 2342 3641 magistratuum
2372 3558 2779 3622 restitutione
2811 3562 2877 3622 et
2904 3576 2945 3620 a
2972 3555 3214 3641 populo

764 3675 831 3734 et
886 3688 927 3731 a
981 3665 1301 3731 iudicibus
1364 3663 1606 3728 honore
1662 3664 2062 3748 privatorum
2116 3665 2495 3746 ageretur.⁴)
2597 3663 2740 3728 Hoc
2794 3668 3011 3728 antem
3070 3662 3214 3727 loco

944 3950 988 4017 1)
1025 3950 1092 4005 ef.
1135 3946 1334 4016 [nem]
1384 3947 1566 4002 XXVI
1602 3948 1651 4006 5.
1695 3975 1756 3986 -
1799 3947 1881 4002 De
1926 3944 2303 4016 ἀποχειροτονιᾳ
2349 3948 2415 4002 of.
2462 3947 2600 4002 Pon.
2638 3902 2773 4001 57111
2810 3947 2904 4013 95³
2951 3947 3211 4016 Harpocr.

764 4061 808 4099 s.
836 4060 890 4096 v.
928 4037 1073 4109 κυρία
1110 4034 1382 4107 &malacim
1429 4036 1603 4092 Bekk.
1641 4036 1845 4092 Anecd.
1885 4036 1976 4092 Gr.
2015 4037 2138 4102 268,
2176 4037 2263 4090 27.

946 4145 989 4211 ²)
1025 4145 1093 4201 cf.
1131 4144 1500 4200 Schoemann:
1544 4144 1644 4199 »de
1680 4144 1865 4199 comit.
1904 4145 2138 4199 Athen.‹
2180 4162 2233 4213 p.
2272 4144 2376 4198 231
2413 4146 2528 4200 not.
2566 4144 2617 4198 9.

943 4252 987 4321 ⁸)
1025 4252 1409 4324 colligendum
1445 4251 1504 4306 id
1542 4268 1656 4307 esse
1692 4255 1830 4322 puto
1867 4269 1933 4307 ex
1969 4270 2048 4319 ec,
2097 4252 2245 4320 quod
2295 4256 2429 4313 »τοῖς
2475 4247 3004 4320 ἀποδεδοκιμασμένοις
3041 4247 3214 4320 ἄρχειν

758 4343 1008 4414 λαχοῦσα
1040 4342 1367 4412 (reprobatis
1395 4341 1466 4396 ab
1493 4339 1792 4408 iudicibus)
1819 4341 1987 4396 verba
2012 4341 2073 4395 in
2101 4341 2341 4396 comitiis
2368 4342 2547 4396 facere
2571 4358 2683 4395 non
2710 4339 2894 4404 licuit;
2923 4339 2992 4394 cf.
3010 4338 3211 4407 [Dem.]

654 4456 661 4460 ·
759 4435 915 4490 XXV
953 4433 1048 4497 30;
1085 4451 1136 4486 v.
1175 4427 1544 4487 Schoemann:
1587 4431 1750 4485 »Ana
1780 4431 1817 4485 i.
1847 4449 1901 4500 p.
1930 4431 2057 4486 Gn«
2096 4449 2149 4500 p.
2180 4431 2310 4496 239;
2350 4431 2568 4486 Gilbert
2596 4430 2633 4484 1.
2653 4430 2689 4484 l.
2719 4430 2746 4483 I
2773 4430 2881 4483 210
2917 4430 3042 4484 adn.
3073 4431 3123 4482 ἴ).
3148 4457 3212 4468 -

757 4523 1005 4580 Eandem
1049 4538 1284 4592 poenam
1328 4519 1526 4575 arbitri
1571 4520 1780 4590 publici
1826 4516 2117 4589 (διαιτηταί)
2169 4519 2412 4574 muneris
2466 4520 2614 4574 male
2668 4518 3045 4573 administrati
3090 4536 3213 4574 con·

760 4613 1009 4670 demnati
1045 4611 1358 4675 subierunt3
1405 4610 1472 4664 cf.
1512 4609 1728 4664 Gilbert
1764 4609 1792 4662 I
1827 4609 1932 4663 371
1972 4608 2096 4664 adn.
2135 4609 2185 4663 3.

944 4719 985 4787 ⁴)
1025 4720 1091 4773 Id
1128 4717 1276 4787 quod
1310 4734 1599 4786 nunquam
1634 4716 1849 4771 factum
1884 4720 2037 4786 puto·
