3567 5392
1635 418 1714 480 51

437 606 670 684 fuisse,
738 607 848 690 qui
902 608 1307 691 rogationem
1364 608 1532 674 ferre
1587 610 1805 688 vellet,
1862 616 1931 674 ut
1985 596 2306 696 pecuniae
2360 611 2538 677 velut
2583 611 2906 677 sanctiore

436 714 731 797 quodam
779 715 1034 780 aerario
1082 715 1460 781 reconditae
1505 715 1593 780 ad
1638 717 1734 782 rei
1779 716 2084 802 publicae
2129 738 2314 783 usum
2362 718 2907 803 depromerentur.

448 823 661 904 Atque
709 827 964 887 aestate
1014 822 1166 887 anni
1221 826 1354 890 412
1377 824 1424 905 ¹)
1482 822 1757 907 primum
1808 844 1889 890 ex
1937 825 2228 909 seposita
2273 824 2390 890 illa
2438 826 2675 890 aerarii
2719 832 2907 910 parte

436 929 763 1014 pecunias
811 935 1117 1013 erogatas
1148 950 1295 996 esse
1325 928 1745 1013 Thucydides
1777 938 2004 996 auctor
2044 938 2144 997 est
2190 931 2372 1016 [VIII
2412 931 2594 1018 15].2)
2668 932 2910 999 Verum

436 1037 582 1101 <ia‘m
638 1055 808 1101 anno
865 1033 1058 1122 418s7
1118 1035 1432 1121 pecunias
1486 1037 1679 1102 venia
1744 1037 1902 1102 data
1968 1058 2009 1102 a
2065 1040 2519 1120 quaestoribus
2576 1039 2905 1105 Minervae

316 1150 326 1155 ’
441 1144 703 1209 solutas
759 1162 905 1209 esse
960 1142 1130 1207 tituli
1194 1142 1482 1209 nonnulli
1541 1142 1858 1230 docent.³)
1968 1144 2285 1229 Populum
2352 1154 2568 1212 autem
2635 1146 2907 1212 alteram

440 1250 842 1316 :sanctiorem
890 1251 1129 1317 aerarii
1172 1257 1428 1336 partem
1472 1271 1601 1317 non
1646 1272 2023 1318 reservasse
2083 1273 2199 1337 pro
2259 1259 2434 1319 certo
2484 1252 2614 1318 diei
2661 1261 2909 1338 potest3

443 1378 608 1441 ergo
659 1356 857 1442 etiam
903 1357 1077 1423 aliae
1122 1356 1441 1443 pecuniae
1486 1357 1760 1442 fuerunt,
1809 1380 1996 1443 quae,
2041 1359 2167 1425 nisi
2199 1361 2389 1426 venia
2435 1363 2725 1444 rogatori
2755 1360 2911 1426 data

442 1472 646 1547 esset,
694 1463 782 1529 ad
828 1485 1016 1531 usum
1060 1464 1389 1549 publicum
1435 1485 1476 1529 a
1522 1466 1764 1551 populo
1815 1466 2112 1532 adhiberi
2159 1487 2288 1532 non
2344 1475 2708 1552 potuerunt.
2801 1469 2912 1532 At-

441 1592 579 1654 que
628 1571 753 1636 hae
798 1572 1114 1656 pecuniae
1165 1591 1395 1638 sacrae
1442 1571 1719 1639 fuerunt.

632 1679 901 1744 Praeter
970 1678 1298 1763 publicum
1375 1679 1545 1746 enim
1621 1680 1943 1745 aerarium
2020 1679 2086 1744 in
2160 1701 2310 1747 arce
2388 1681 2587 1746 etiam
2661 1703 2915 1748 sacrum

442 1785 775 1851 aerarium
824 1783 983 1871 (ἱερὰ
1028 1788 1342 1873 χρήματα)
1389 1786 1512 1851 fuit
1536 1786 1610 1871 4),
1658 1786 1850 1871 quod,
1899 1808 2041 1852 cum
2070 1787 2252 1853 initio
2282 1787 2348 1853 in
2379 1787 2636 1854 divinas
2668 1793 2917 1854 tantum

441 1914 560 1959 res
623 1893 983 1978 impensum
1049 1891 1313 1977 esset,⁵)
1388 1893 1704 1979 imprimis
1778 1893 1951 1960 bello
2015 1894 2574 1981 Peloponnesiaco
2640 1896 2918 1981 populus

446 1999 855 2066 reconditum
904 2001 999 2066 rei
1047 2000 1348 2085 publicae
1390 2001 1710 2066 aerarium
1743 2001 1946 2085 duxit,
1993 2002 2164 2068 unde
2192 2002 2503 2087 legitimis
2532 2002 2919 2087 quibusdam

445 2107 840 2191 observatis,
902 2108 1096 2173 venia
1162 2107 1413 2174 seilicet
1474 2108 1763 2192 rogatori
1831 2107 2006 2193 data,
2072 2108 2161 2174 ad
2222 2130 2407 2175 nsum
2472 2111 2565 2176 rei
2620 2109 2921 2196 publicae

443 2216 799 2300 pecuniam
853 2224 1141 2280 mutuam
1198 2215 1578 2300 depromere
1635 2224 1876 2301 posset.
1892 2217 1942 2297 ⁶)
2037 2217 2231 2282 Cuius
2287 2218 2606 2302 pecuniae
2661 2238 2924 2284 usuram

458 2343 564 2388 res
618 2322 882 2407 publica
913 2322 1285 2410 pendebat,
1343 2322 1496 2388 dum
1551 2343 1667 2389 aes
1725 2324 2010 2388 alienum
2072 2323 2446 2389 solveretur.
2540 2325 2681 2390 Hae
2726 2324 2924 2408 igitur

421 2428 841 2496 «condicione
897 2436 963 2495 et
1020 2429 1213 2523 venia
1269 2431 1556 2514 rogator-i
1615 2450 1928 2497 concessa
1975 2431 2253 2517 populus
2303 2432 2500 2497 etiam
2550 2430 2922 2516 erogandae

450 2558 542 2602 ex
590 2537 843 2602 aerario
902 2524 1089 2603 sacro
1143 2537 1461 2622 pecuniae
1516 2545 1911 2622 potestatem
1966 2538 2211 2607 habuit.
2307 2538 2556 2616 Quibus
2612 2539 2924 2606 confectis

450 2650 845 2728 quaestores
890 2643 1222 2710 Minervae
1268 2645 1351 2710 iis
1397 2643 1703 2729 pendunt,
1760 2665 1923 2728 quos
1977 2644 2258 2730 populus
2304 2646 2372 2710 in
2420 2644 2679 2711 decreto
2726 2645 2926 2710 nomi·

461 2751 819 2835 naverat.⁷)
876 2751 1187 2817 Rationes
1217 2757 1432 2817 autem
1464 2751 1690 2816 harum
1720 2752 2141 2837 pecuniarum
2169 2758 2478 2835 tanquam
2508 2751 2923 2836 syngraphae

450 2860 531 2924 in
587 2878 738 2925 arce
793 2858 1050 2943 positae
1109 2864 1274 2943 sunt,
1332 2878 1414 2923 ex
1473 2858 1702 2941 quibus
1759 2858 2041 2942 logistae
2088 2879 2425 2925 usurarum
2471 2858 2789 2924 rationem
2834 2859 2926 2922 in-

451 2966 758 3047 >ierunt.⁸)

651 3144 691 3212 ¹)
730 3144 811 3199 Of.
852 3143 1045 3197 Busolt
1083 3143 1113 3210 ἓ
1153 3143 1258 3196 214
1295 3161 1346 3213 p.
1392 3144 1510 3197 190.

651 3251 692 3317 ²)
729 3269 779 3305 v.
820 3270 872 3320 p.
913 3252 978 3304 47
1020 3250 1145 3306 adn.
1187 3253 1232 3304 5.

652 3357 696 3426 ⁸)
733 3358 800 3412 cf.
823 3358 898 3413 CJ
904 3359 964 3411 A.
986 3359 1013 3412 Ι
1037 3359 1196 3412 180-
1218 3357 1332 3411 183.
1383 3357 1487 3411 1110
1507 3374 1651 3412 anno
1679 3357 1923 3426 primum
1953 3354 2081 3426 post
2108 3375 2316 3426 pacem,
2365 3374 2507 3425 quae
2544 3358 2738 3412 Niciae
2773 3373 2930 3412 voca-

450 3454 577 3516 tur,
613 3447 866 3518 populus,
903 3447 963 3500 id
999 3447 1146 3515 quod
1182 3449 1350 3501 antea
1387 3446 1704 3515 saepissime
1740 3446 1953 3500 factum
1990 3450 2089 3511 est,
2132 3445 2310 3510 denuo
2338 3446 2597 3515 pecunias
2626 3447 2695 3501 ab
2722 3446 2933 3502 aerario

453 3556 620 3594 -saero
657 3539 947 3591 mutuatus
983 3540 1094 3600 est3
1133 3535 1201 3590 cf.
1240 3535 1436 3590 Busolt
1473 3536 1508 3588 l.
1547 3536 1584 3588 1.
1623 3539 1682 3589 et
1719 3535 1845 3589 adn.
1895 3537 1971 3589 10.

654 3643 703 3712 ⁴)
740 3644 1004 3699 Rationes
1041 3661 1349 3697 annuorum
1393 3643 1674 3697 redituum
1721 3640 1951 3709 (ἐπέτεια)
2001 3643 2269 3712 leguntur
2315 3642 2462 3712 apud
2508 3641 2934 3697 Kirchhoffium:

470 3734 671 3789 Abhdl.
710 3733 760 3787 d.
801 3734 943 3788 Berl.
979 3733 1158 3787 Akad.
1201 3733 1339 3787 1876
1374 3751 1428 3802 p.
1468 3734 1538 3787 49
1574 3750 1690 3800 sqq.
1751 3736 1809 3787 et
1855 3732 2303 3786 inventariorum
2347 3732 2575 3786 tabulae
2619 3731 2680 3785 in
2726 3731 2869 3787 (ΗΑ.
2906 3732 2934 3785 Ι

464 3823 773 3878 117-175.
806 3822 1110 3887 194-2253
1140 3822 1207 3876 cf.
1240 3822 1434 3876 Busolt
1464 3825 1493 3884 ἕ
1524 3822 1628 3875 213
1656 3839 1709 3890 p.
1746 3822 1862 3885 189,
1905 3822 1960 3884 73
2003 3820 2231 3874 Beloch:
2269 3820 2340 3874 N.
2381 3821 2487 3874 Rh.
2525 3821 2665 3874 Mne.
2704 3820 2935 3874 XXXIX

460 3913 542 3967 :25
579 3911 852 3966 aerarium
889 3912 1174 3981 publicum
1210 3911 1378 3965 fuisse
1413 3914 1601 3979 negat,
1642 3911 1917 3964 aerarium
1957 3910 2236 3964 Minervae
2273 3912 2329 3963 et
2366 3909 2448 3963 rei
2487 3909 2740 3978 publicae
2764 3927 2936 3963 unum

454 4002 733 4070 :idemque
766 4001 934 4055 fuisse
971 3999 1269 4055 contendit.
1347 4000 1426 4053 De
1463 3999 1790 4054 Holwerdae
1826 3998 2105 4052 sententia
2141 3998 2209 4053 ef.
2247 4016 2298 4067 p.
2341 3999 2411 4053 46
2455 3998 2579 4052 adn.
2624 3998 2704 4051 11.

657 4107 698 4172 ⁸)
738 4108 805 4162 ef.
845 4107 1039 4161 Busolt
1077 4111 1106 4169 ἓ
1146 4108 1251 4161 213
1286 4125 1338 4176 p.
1375 4106 1490 4160 189.

657 4213 706 4283 ⁶)
745 4215 811 4269 ef.
843 4214 919 4269 Ο]
924 4216 985 4268 Α.
1024 4215 1051 4268 I
1088 4214 1157 4268 32
1185 4215 1255 4278 B;
1313 4213 1555 4268 Boeckh:
1601 4213 1710 4267 »St
1743 4212 1795 4266 d.
1825 4212 1990 4266 Ath.‹
2033 4212 2088 4265 ἸΙ
2120 4212 2205 4266 41.
2236 4212 2306 4265 64
2318 4233 2330 4276 ;
2370 4210 2939 4265 Hauvette·Besnault

473 4325 526 4375 p.
581 4306 704 4370 132;
755 4304 972 4359 Gilbert
1017 4305 1044 4357 I
1088 4322 1141 4373 p.
1191 4304 1323 4367 319;
1377 4302 1569 4357 Busolt
1617 4303 1647 4369 ξ
1695 4303 1802 4356 213
1839 4320 1891 4371 p.
1934 4301 2061 4366 189;
2112 4299 2402 4354 Kirchhoff
2443 4299 2480 4355 l.
2529 4299 2565 4354 l.
2605 4318 2656 4368 p.
2698 4301 2767 4354 34
2794 4318 2939 4368 sqq.;

466 4395 746 4448 Valeton:
785 4394 1049 4448 MnemOS.
1088 4412 1142 4446 n.
1171 4410 1214 4446 s.
1250 4392 1353 4446 XV
1390 4411 1444 4461 p.
1477 4393 1509 4444 3
1547 4392 1691 4445 hanc
1727 4391 1869 4461 legis
1905 4390 2199 4444 formulam
2241 4390 2409 4444 fuisse
2447 4392 2638 4458 putat:
2682 4398 2782 4443 »ne
2818 4389 2942 4456 quis

455 4483 771 4553 rogaverit,
811 4485 875 4536 ut
911 4482 1146 4552 populus
1182 4481 1446 4550 pecunias
1483 4483 1664 4535 sumat
1703 4498 1770 4535 ex
1806 4480 2069 4534 thesauro
2109 4479 2306 4547 aliquo
2345 4496 2547 4533 sacro«-

663 4587 704 4656 ⁷)
743 4589 809 4644 cf.
849 4588 1140 4643 Kirchhoff
1172 4590 1208 4643 1.
1247 4588 1283 4642 l.
1325 4607 1379 4657 p.
1418 4591 1503 4644 37.
1543 4589 1628 4642 41.

661 4694 704 4762 ⁸)
745 4696 813 4751 cf.
855 4695 998 4752 OJA.
1037 4696 1064 4749 I
1101 4696 1232 4761 2733
1271 4696 1466 4750 Busolt
1504 4698 1534 4758 ἓ
1572 4695 1766 4767 2141)-
1812 4694 1930 4758 190,
1967 4695 2017 4747 8.
