3567 5392
8 1207 15 1214 ι
8 1082 14 1122 -—-
9 1060 13 1071 -
7 972 17 1014 ,τι
8 841 17 903 »4-
7 755 20 796 e,
8 646 19 689 ια.

1556 392 1665 483 ’31

392 615 585 681 rebus
674 614 1017 679 navalibus
1108 613 1479 698 praefectus
1527 633 1698 677 anno
1792 611 2033 698 340l39
2124 613 2335 696 legem
2417 613 2698 697 pertulit,
2781 622 2852 681 ιιι

395 741 476 786 ex
527 721 764 786 'censu
856 722 1034 786 cives
1126 719 1561 785 trierarchiae·
1637 739 1869 784 munus
1959 721 2452 804 praestarent.¹)
2545 718 2855 806 Idemque

389 833 609 892 orator
654 827 721 893 in
779 827 1070 892 oratione
1128 826 1209 891 de
1268 845 1506 892 corona
1571 825 1686 909 [or.
1743 826 1964 890 XVIII
2027 826 2194 911 107],
2259 833 2609 909 antequam
2672 837 2855 904 illam
2962 906 2982 922 .,

390 936 604 1019 legem
675 934 1068 1020 pertulisset,
1133 934 1486 1019 permultos
1560 933 1951 999 trierarchos
2018 933 2346 1018 supplices
2410 933 2693 998 muneris
2755 947 2853 992 re-

391 1043 767 1109 missionem
812 1042 1083 1127 petiisse
1130 1062 1172 1106 a
1217 1041 1458 1126 populo
1507 1041 1808 1124 queritur.
1823 1041 1873 1118 2)
1969 1039 2110 1118 Quo
2158 1040 2301 1107 loco
2351 1040 2432 1106 de
2489 1042 2584 1107 eis
2638 1039 2856 1114 ἱκέταις

393 1149 810 1234 cogitandum
859 1170 1024 1235 esse,
1072 1150 1184 1233 qui
1217 1148 1422 1216 ἄδειαν
1451 1148 1715 1233 petituri
1743 1148 1997 1233 fuerint,
2027 1154 2229 1233 patet.
2285 1150 2456 1215 Nam
2485 1169 2568 1214 ex
2596 1147 2852 1232 legibus

391 1257 741 1345 ἐπιμεληταί
799 1257 1072 1323 liberum
1125 1256 1459 1322 arbitrium
1516 1262 1786 1339 egerunt
1852 1256 2057 1340 stipes
2124 1254 2554 1321 distribuendi
2618 1262 2683 1320 et
2746 1275 2853 1320 ex-

392 1362 632 1447 igendi.
753 1363 1005 1440 Quodsi
1081 1383 1280 1428 onera
1353 1357 1750 1448 pauperibus
1814 1362 2194 1446 plerumque
2267 1362 2365 1426 illi
2427 1363 2847 1447 imponerent,

389 1468 715 1536 ditissimo
762 1476 978 1536 autem
1027 1470 1274 1554 cuique,
1335 1476 1645 1553 quantum
1699 1468 1843 1534 fieri
1898 1476 2147 1554 posset,
2203 1476 2571 1554 parcerent,
2628 1469 2849 1552 inique
2918 1455 2920 1457 ¹

393 1583 458 1641 et
503 1577 845 1644 inhoneste
890 1577 987 1642 illi
1036 1577 1321 1661 quidem,
1388 1576 1507 1643 sed
1569 1576 1730 1641 nihil
1796 1583 2022 1641 contra
2084 1576 2269 1661 leges
2333 1577 2640 1663 fecerunt.
2752 1577 2853 1641 Ex

389 1684 626 1767 quibus
684 1685 990 1769 sequitur,
1037 1691 1124 1770 ut,
1186 1685 1243 1750 si
1300 1684 1445 1767 quis
1500 1683 1810 1769 populum
1879 1683 2092 1748 adiret
2156 1683 2424 1768 eiusque
2487 1683 2848 1767 rogationis

391 1789 719 1877 ferendae,
765 1799 836 1858 ut
882 1792 1147 1875 liturgia
1195 1790 1614 1876 suscipienda
1669 1790 2077 1875 liberaretur,
2133 1781 2343 1857 ἄδειάν
2400 1797 2676 1875 peteret,
2735 1811 2850 1857 eas

393 1897 577 1982 leges
621 1899 981 1984 violaverit,
1030 1920 1198 1983 quae
1248 1899 1736 1983 symmoriarum
1771 1898 2131 1963 institutum
2162 1904 2507 1963 tuerentur.
2563 1897 2851 1982 Populus

392 2012 609 2071 autem
655 2006 851 2072 ἄδειαν
901 2004 1118 2071 dando
1164 2006 1266 2073 ius
1316 2006 1570 2090 gratiae
1618 2011 1893 2090 exercet,
1951 2006 2135 2071 cuius
2189 2005 2319 2090 ipsi
2375 2004 2500 2070 soli
2555 2010 2851 2088 potestas

310 2134 312 2136 ’
399 2115 531 2187 (ιἰειι.Δ
616 2111 1020 2196 Quamquam
1080 2113 1249 2179 enim
1307 2133 1389 2177 ex
1449 2112 1704 2196 legibus
1767 2132 1851 2177 ne
1916 2112 2156 2198 populo
2219 2111 2481 2195 quidem
2545 2131 2676 2196 eos,
2743 2111 2853 2195 qui

393 2238 594 2283 onera
642 2218 1132 2296 distribuebant,
1189 2219 1255 2283 in
1312 2219 1449 2284 iure
1505 2219 1924 2303 interpellare
1990 2219 2188 2303 licuit,
2253 2225 2468 2284 tamen
2533 2219 2851 2303 religione

394 2331 606 2390 motus
652 2323 852 2410 ἱκέτην
899 2325 1278 2408 illegitimae
1311 2326 1684 2408 ‘rogationis
1732 2324 2042 2391 ferendae
2088 2326 2289 2391 ἄδειαν
2337 2332 2557 2410 petere
2611 2347 2851 2411 passus

395 2436 510 2496 est.
600 2429 858 2497 Deinde
895 2433 1088 2496 venia
1136 2451 1450 2497 concessa
1495 2431 1592 2495 illi
1639 2431 1766 2497 civi
1813 2433 2219 2516 rogationem
2266 2431 2434 2499 ferre
2478 2432 2735 2518 licebat,
2781 2440 2854 2499 ut

391 2557 655 2604 munere
718 2538 1107 2605 trierachiae
1170 2523 1512 2626 levareturss
1624 2540 1755 2604 Dat
1822 2546 2038 2605 autem
2101 2540 2362 2606 veniam
2424 2539 2704 2625 populus
2772 2560 2854 2605 ex

394 2645 613 2711 causis
657 2646 1145 2712 misericordiae
1193 2653 1258 2711 et
1305 2646 1677 2731 aequitatis.
1735 2648 2053 2713 Iniustum
2099 2648 2268 2713 enim
2316 2653 2418 2714 est
2464 2653 2531 2718 et>
2564 2647 2855 2731 iniquum

395 2751 538 2836 civi,
586 2754 696 2835 qni
740 2773 870 2817 non
917 2774 998 2818 ex
1043 2753 1572 2843 locupletissimis
1619 2755 1722 2839 sit,
1769 2754 1937 2820 hanc
1986 2761 2431 2840 sumptuosam
2459 2753 2853 2837 liturgiam-³)

393 2858 707 2925 mandari.
770 2862 997 2944 Neque
1033 2880 1187 2927 vero
1227 2883 1262 2927 e
1302 2861 1636 2946 republica
1684 2869 1878 2946 esset,
1926 2863 1983 2928 si
2029 2863 2174 2945 quis
2220 2862 2286 2926 in
2334 2861 2857 2946 expeditionibus

391 2963 481 3029 ad
525 2968 806 3051 patriam
851 2965 1331 3034 defendendam
1376 2969 1569 3035 factis
1625 2969 1966 3053 imperium
2023 2967 2350 3053 quoddam
2404 2967 2689 3053 haberet,
2747 2969 2853 3033 cui

394 3091 521 3137 non
569 3073 734 3140 satis
780 3095 1059 3158 magnae
1105 3077 1422 3161 pecuniae
1471 3082 1707 3143 essent.

572 3214 777 3302 Hanc,
824 3239 1016 3302 quam
1050 3218 1240 3284 modo
1273 3220 1711 3304 tractavimus,
1759 3219 1968 3293 ἀδείας
2014 3219 2296 3305 speciem
2344 3218 2858 3286 diversissimam

392 3343 542 3389 esse
607 3324 691 3389 ab
755 3325 856 3411 iis,
921 3346 1084 3408 quas
1150 3347 1348 3412 supra
1404 3327 1693 3412 exposui,
1750 3326 1944 3392 facile
1992 3325 2406 3409 intellegitur.
2515 3326 2684 3393 Nam
2729 3325 2855 3391 hae

394 3451 616 3496 omnes
665 3431 800 3497 fere
845 3433 976 3498 iam
1020 3432 1290 3519 pridem,
1337 3434 1617 3500 fortasse
1676 3454 1803 3518 quo
1861 3441 2151 3519 tempore
2208 3432 2383 3498 ἄδεια
2437 3433 2695 3518 publice
2753 3440 2854 3498 est

394 3538 712 3624 instituta,
760 3546 943 3605 ortae
991 3547 1168 3622 sunt3
1217 3541 1332 3605 illa
1379 3548 1596 3606 autem
1640 3541 2109 3627 posterioribus
2157 3540 2411 3607 demum
2456 3540 2853 3626 temporibus

395 3663 474 3709 ac
520 3666 601 3711 ne
658 3645 769 3712 diu
825 3647 1088 3731 quidem
1144 3648 1365 3716 valuit.
1459 3648 1689 3733 Itaque
1743 3649 2194 3734 impunitatem
2259 3648 2346 3713 ad
2410 3647 2856 3713 trierarchiam

396 3753 821 3836 pertinentem
867 3754 1127 3839 legibus
1174 3777 1304 3821 non
1351 3757 1765 3821 constitutam
1813 3756 2019 3822 fuisse
2074 3775 2193 3841 pro
2250 3761 2425 3820 certo
2482 3753 2852 3846 habendum

397 3865 528 3940 est3
577 3859 693 3925 sed
739 3863 1019 3946 populus
1067 3845 1199 3929 illis
1246 3864 1661 3948 temporibus,
1709 3863 1960 3948 quibus,
2010 3870 2081 3928 ut
2136 3863 2230 3928 ait
2283 3870 2500 3927 orator
2555 3860 2850 3945 quidam:

395 3964 533 4052 ἐξῆν
581 3963 744 4052 αὐτῷ
797 3982 973 4035 ποιεῖν
1022 3969 1055 4034 ὅ
1102 3993 1157 4035 τι
1202 3969 1272 4036 ἂν
1332 3971 1701 4056 βούληται4,)
1760 3972 1863 4036 ius
1920 3969 2124 4043 ἀδείας
2180 3969 2439 4034 dandae
2496 3968 2621 4034 sibi
2677 3988 2850 4033 arro-

396 4073 594 4155 gavit.
607 4071 654 4150 5)
745 4074 1031 4159 Populus
1079 4077 1250 4141 enim
1293 4077 1418 4143 hac
1463 4078 1530 4142 in
1577 4099 1647 4144 re
1695 4078 1977 4161 gratiam
2022 4078 2181 4143 facit
2225 4077 2331 4143 vel
2377 4077 2510 4142 tale
2523 4126 2536 4169 .‘
2571 4084 2849 4166 ψήφισμα

577 4343 619 4410 ¹)
658 4345 723 4398 cf.
762 4345 1334 4399 Hauvette·Besnanlt
1371 4364 1421 4414 p.
1464 4346 1556 4411 70;
1597 4345 1814 4401 Grilbert
1851 4347 1878 4400 I
1913 4365 1968 4415 p.
2010 4345 2117 4400 354
2129 4363 2208 4413 sq.

577 4433 618 4502 ²)
656 4434 865 4489 Habita
901 4437 984 4488 est
1020 4434 1121 4489 illa
1157 4434 1334 4490 oratio
1372 4453 1516 4490 anno
1554 4436 1677 4490 330.

577 4521 618 4591 ³)
657 4523 723 4579 cf.
765 4524 1004 4578 Grilbert:
1051 4524 1404 4580 ›Staatsalt.‹
1447 4525 1473 4578 I
1511 4526 1633 4580 356.

576 4612 620 4678 ⁴)
663 4612 862 4680 [Dem]
904 4613 1025 4667 LIX
1061 4614 1160 4678 88;
1208 4632 1261 4669 v,
1300 4632 1469 4684 snpra
1504 4633 1558 4684 p.
1602 4615 1650 4669 1.

577 4702 624 4770 ⁵)
662 4720 712 4756 v.
754 4721 920 4772 supra
956 4722 1007 4772 p.
1048 4704 1100 4757 8.
