3567 5392
1864 410 1991 505 76-

675 601 942 685 negotia
1007 602 1384 686 plerumque
1450 609 1647 668 antea
1710 610 2191 688 programmate
2254 603 2845 688 promulgabantur.
2964 605 3131 669 Tum

672 707 1028 774 secundum
1074 729 1484 793 programma
1530 709 1613 776 de
1658 709 1853 775 rebus
1899 710 2250 795 propositis
2298 718 2514 775 actum
2562 717 2680 787 est,
2728 711 2821 776 ita
2852 709 3130 794 quidem,

678 821 748 880 ut
792 815 1236 898 rogationibus
1282 837 1323 881 a
1367 817 1775 902 praetoribus
1823 816 1911 881 ad
1955 818 2263 902 populum
2292 817 2529 883 delatis
2559 818 2738 882 nulla
2767 817 2901 882 alia
2930 837 3132 883 causa

672 922 1171 1002 antecederet.¹)
1271 924 1502 1007 Itaque
1557 923 1615 990 si
1673 923 1818 1007 quis
1875 923 2111 989 civium
2174 926 2239 989 in
2305 924 2585 990 comitiis
2651 932 2802 990 ante
2867 925 3131 1008 negotia

675 1028 936 1113 publica
1000 1029 1288 1114 legitime
1355 1031 1705 1096 constituta
1774 1037 1888 1095 aut
1934 1030 2016 1096 de
2071 1032 2263 1098 rebus
2318 1039 2799 1116 programmate
2858 1038 3128 1097 senatus

674 1155 805 1200 non
876 1136 1303 1221 promulgatis
1315 1137 1365 1215 2)
1437 1137 1637 1204 verba
1708 1136 1926 1204 facere
2003 1138 2200 1204 vellet
2273 1138 2356 1204 de
2430 1139 2622 1205 rebus
2686 1139 2989 1223 privatis,
3062 1136 3132 1202 id

675 1242 1021 1326 privilegio
1094 1243 1353 1310 demum
1434 1244 1720 1328 irrogato
1807 1244 1948 1310 fieri
2028 1243 2320 1330 potuit.³)
2448 1244 2591 1322 Quo
2654 1244 2999 1330 privilegio
3061 1248 3134 1310 τὸ

673 1356 1041 1438 πρόγραμμα
1062 1357 1347 1426 senatus,
1378 1351 1549 1434 quod
1569 1353 1709 1418 Ps.-
1729 1352 2203 1419 Demosthenes
2233 1353 2439 1436 [XXV
2460 1353 2522 1436 9]
2547 1353 2714 1418 inter
2743 1352 3135 1436 gravissima

674 1458 1077 1522 comitiorum
1124 1457 1541 1525 fundamenta
1588 1465 1937 1542 enumerat,
1982 1480 2110 1524 non
2157 1464 2223 1525 τὸ
2269 1464 2466 1545 asp-„ov
2515 1472 2623 1547 τῆς
2668 1462 2970 1531 πολιτείας
2997 1458 3132 1523 vio-

678 1563 863 1647 latur,
884 1585 1075 1648 quam
1096 1567 1179 1632 ob
1198 1587 1333 1631 rem
1353 1565 1436 1632 de
1456 1567 1625 1651 ἀδείᾳ
1643 1568 1931 1650 rogatori
1965 1566 2184 1632 danda
2220 1587 2347 1632 non
2378 1565 2796 1650 cogitandum
2825 1573 2943 1634 est.
2992 1566 3135 1632 Huc

677 1672 960 1754 pertinet
1005 1672 1091 1749 id,
1140 1673 1312 1756 quod
1362 1673 1767 1739 Schoemann
1797 1672 1948 1757 [‚,de
1977 1694 2139 1741 com.
2167 1673 2352 1739 Ath.“
2385 1696 2447 1759 p.
2480 1674 2633 1758 333]
2663 1681 3135 1757 commemorat,

676 1797 807 1859 quo
854 1778 997 1844 loco
1044 1779 1209 1844 haec
1257 1780 1440 1846 dicit:
1494 1780 1727 1866 „Apud
1783 1780 2171 1847 Aeschinem
2228 1779 2334 1865 [de
2394 1780 2434 1847 f.
2490 1781 2616 1864 leg.
2670 1781 2772 1865 15]
2827 1780 3132 1864 legimus:

678 1892 1053 1969 expugnata
1099 1907 1141 1951 a
1187 1886 1490 1973 Philippo
1540 1885 1989 1973 Olynthiorum
2034 1888 2209 1972 urbe,
2257 1908 2397 1953 cum
2441 1887 2632 1953 simul
2660 1888 2839 1954 cives
2871 1885 3135 1970 quidam

680 1990 879 2058 Attici
928 1991 1193 2078 Olynthi
1238 2000 1391 2059 tunc
1448 1993 1612 2060 forte
1668 1994 1984 2078 degentes
2039 2015 2080 2059 a
2137 1994 2603 2062 Macedonibus
2662 1995 2839 2080 capti
2897 1999 3135 2078 essent,

682 2096 905 2164 horum
954 2100 1348 2185 propinquos
1397 2102 1724 2187 supplices
1780 2102 1847 2167 in
1903 2102 2269 2168 contionem
2322 2100 2646 2187 prodiisse
2699 2101 3135 2186 populumque

679 2223 927 2291 orasse,
974 2213 1044 2272 ut
1090 2207 1360 2293 illorum,
1408 2209 1517 2292 qui
1565 2209 1738 2293 eapti
1789 2215 2025 2286 essent,
2077 2209 2353 2274 salutem
2400 2229 2592 2274 curae
2640 2208 2763 2274 sibi
2805 2208 3131 2273 haberet.“

681 2311 801 2378 His
849 2318 1082 2399 autem,
1128 2316 1223 2379 ait
1269 2315 1671 2381 Schoemann
1738 2312 1916 2403 [ibid.
1965 2337 2027 2401 Ρ.
2076 2316 2249 2399 334],
2316 2315 2697 2381 beneficium
2762 2313 3031 2399 aliquod
3093 2334 3136 2379 a

683 2420 923 2505 populo
970 2423 1341 2506 petentibus
1389 2422 1589 2488 ἄδειαν
1638 2421 1782 2487 dari
1840 2442 2110 2490 necesse
2167 2422 2306 2500 fuit,
2364 2429 2436 2488 ut
2499 2422 2726 2488 liceret
2788 2423 2872 2488 iis
2938 2421 3138 2487 verba

677 2526 748 2590 in
797 2527 1074 2594 comitiis
1123 2527 1338 2595 facere
1387 2529 1469 2594 de
1515 2531 1707 2595 rebus
1753 2550 1885 2595 non
1930 2529 2282 2615 propositis
2330 2550 2371 2593 a
2415 2529 2816 2614 prytanibus.
2890 2527 3024 2595 Sed
3069 2529 3137 2592 in

612 2690 620 2696 .
683 2633 807 2699 hac
836 2654 906 2698 re
935 2633 1137 2701 ἄδειαν
1176 2635 1453 2719 rogandi
1498 2656 1626 2701 non
1671 2637 1945 2721 petitam
1992 2657 2137 2704 esse
2184 2638 2311 2702 iam
2363 2657 2443 2703 ex
2493 2657 2568 2703 eo
2618 2642 2907 2722 apparet,
2963 2634 3138 2719 quod

683 2741 850 2806 ratio
897 2742 1129 2807 veniae
1177 2742 1437 2808 dandae
1485 2742 1874 2809 difficillima
1923 2751 2080 2829 erat,
2119 2764 2224 2810 res
2265 2751 2498 2828 autem,
2530 2744 2611 2809 de
2645 2764 2774 2828 qua
2803 2745 3137 2828 agebatur,

681 2846 929 2914 differri
983 2869 1112 2914 non
1166 2856 1440 2935 poterat.
1557 2850 1856 2935 Accedit,
1923 2849 2095 2934 quod
2162 2850 2286 2916 hae
2350 2851 2697 2916 occasione
2762 2850 3136 2933 rogationes

681 2974 812 3021 non
857 2954 1035 3021 latae
1083 2963 1247 3040 sunt,
1297 2955 1414 3022 sed
1461 2957 1637 3022 cives
1684 2957 1949 3039 quidam
2004 2956 2164 3022 nihil
2223 2957 2403 3022 aliud
2460 2958 2587 3023 nisi
2645 2958 2939 3023 omnibus
2993 2977 3136 3041 pre-

681 3062 867 3127 cibus
915 3068 1260 3128 oraverunt
1303 3064 1640 3148 populum,
1699 3077 1770 3128 ut
1834 3063 2235 3149 captivorum
2301 3064 2554 3129 illorum
2622 3064 2852 3130 salutis
2919 3083 3138 3129 curam

684 3169 970 3253 haberet,
1017 3168 1084 3233 id
1133 3169 1306 3252 quod
1371 3170 1770 3255 supplicibus
1837 3171 2096 3256 impune
2160 3171 2379 3237 facere·
2443 3171 2644 3239 licuit.
2762 3170 3137 3256 Supplicum

871 3364 912 3432 ¹)
950 3364 1029 3419 Cf.
1068 3366 1262 3419 Busolt
1299 3366 1330 3432 ξ
1371 3367 1473 3421 179
1511 3384 1564 3435 p.
1610 3367 1722 3430 163,
1746 3367 1794 3420 7.

868 3450 909 3520 ⁸)
949 3472 1087 3522 quas
1133 3455 1270 3508 Poll.
1308 3455 1386 3509 VI
1428 3455 1530 3508 144
1571 3453 1934 3525 »ἀπρόγραφαα
1976 3456 2254 3521 nominat;
2306 3458 2373 3510 cf.
2411 3456 2780 3510 Schoernann:
2824 3456 2946 3510 »Gn
2986 3455 3133 3511 Am«

681 3542 710 3596 I
747 3543 933 3607 382‚6;
974 3544 1163 3598 Perrot
1201 3545 1236 3597 l.
1277 3545 1312 3598 l.
1351 3562 1405 3613 p.
1444 3544 1531 3608 39,
1555 3546 1603 3599 2.

866 3630 909 3699 ⁸)
947 3633 1013 3686 In
1048 3633 1242 3687 multis
1286 3633 1470 3689 titulis
1517 3634 1655 3688 haec
1699 3634 1988 3702 leguntur:
2036 3634 2122 3684 mi
2173 3627 2296 3685 εἶναι
2350 3630 2520 3694 αὐτοῖς
2575 3630 2813 3704 πρόσοδον
2868 3632 2988 3702 πρὸς
3041 3632 3138 3703 τὴν

679 3718 875 3792 βουλὴν
912 3720 999 3773 καὶ
1045 3721 1143 3793 τὸν.
1182 3719 1342 3793 δῆμον
1397 3721 1608 3792 πρώτοις
1662 3724 1790 3792 μετὰ
1843 3723 1907 3772 τὰ
1960 3719 2069 3792 ἱερά
2127 3723 2366 3792 [Titulos
2420 3724 2530 3777 huc
2582 3722 2921 3793 pertinentes
2979 3722 3140 3777 affert

683 3811 904 3866 Hartel:
948 3811 1167 3867 »Studet
1210 3830 1261 3880 p.
1304 3813 1406 3868 175
1444 3830 1549 3880 sq.;
1588 3812 1656 3867 ef.
1693 3813 1899 3881 Heyse:
1943 3812 2042 3867 »de
2078 3813 2452 3882 legationibus
2489 3814 2640 3868 Att.‹
2672 3811 2946 3880 (Gotting.
2984 3811 3139 3875 1582)

683 3919 735 3970 p.
766 3901 877 3969 59].
933 3902 1044 3968 Eis,
1083 3903 1282 3971 quibus
1313 3904 1414 3957 hoc
1439 3902 1795 3972 privilegium
1825 3903 2100 3958 tributum
2128 3901 2266 3966 erat,
2295 3903 2768 3971 quotienscunque
2795 3919 2921 3956 cum
2942 3903 3141 3955 senatu

679 3996 742 4046 et
776 3992 981 4061 populo
1016 3992 1086 4045 iis
1123 3992 1401 4060 agendum
1438 3995 1574 4058 erat,
1614 3992 1686 4046 ad
1722 3996 1980 4047 senatum
2015 3992 2392 4061 populumque
2429 3992 2646 4047 aditum
2683 3990 2791 4045 sibi
2826 3990 3141 4060 patefacere

678 4078 940 4150 (πρόσοδον
975 4080 1255 4148 ποιεῖσθαι)
1294 4080 1471 4143 licuit,
1510 4085 1576 4136 ut
1620 4082 1686 4136 de
1738 4083 1900 4136 rebus
1946 4082 2060 4136 suis
2103 4081 2386 4136 referrent.
2478 4081 2622 4135 Tum
2675 4098 2743 4135 ex
2795 4080 2883 4134 his
2936 4078 3143 4134 decreti

681 4172 888 4226 verbis:
926 4170 1137 4240 πρώτοις
1173 4171 1300 4240 μετὰ
1335 4171 1399 4222 τὰ
1435 4167 1544 4241 ἱερά
1581 4188 1770 4225 eorum
1806 4188 1892 4224 res
1938 4170 2134 4226 statim
2178 4175 2304 4239 post
2350 4187 2506 4225 sacra
2551 4169 2802 4240 agendae
2837 4172 2999 4224 erant
3049 4167 3141 4236 [cf.

680 4260 952 4316 Schubert
987 4261 1025 4314 1.
1065 4262 1101 4315 1.
1138 4279 1191 4330 p.
1232 4259 1343 4327 34].
1417 4261 1570 4326 Quae
1605 4260 1776 4315 verba
1824 4259 2066 4329 explicat
2101 4260 2405 4314 Monceaux
2449 4260 2485 4313 l.
2525 4260 2562 4313 1.
2600 4277 2653 4328 p.
2694 4259 2757 4312 31
2799 4258 2900 4313 sic:
2955 4260 3144 4326 »apres

680 4349 761 4404 les
798 4350 1125 4404 ceremonies
1161 4349 1481 4419 religieuses
1508 4348 1963 4418 preliminaires«.
2023 4345 2105 4399 Τὰ
2141 4345 2250 4419 ἱερά
2286 4351 2476 4404 autem
2503 4366 2615 4403 non
2642 4364 2757 4403 esse
2783 4345 3142 4402 caerimonias

681 4456 879 4502 sacras,
910 4455 1053 4507 quae
1071 4437 1498 4507 uniuscuiusque
1518 4438 1791 4493 contionis
1819 4438 1985 4493 initio
2013 4439 2364 4504 haberentur,
2394 4439 2764 4507 probaverunt
2793 4455 2918 4492 cum
2946 4435 3142 4491 Hartel

686 4526 932 4593 [»Stud.‹
974 4546 1029 4597 p.
1074 4526 1195 4594 174]
1235 4531 1357 4582 tum
1394 4527 1664 4583 Schubert
1704 4527 1765 4596 [1.
1817 4528 1854 4581 l.
1900 4546 1952 4597 p.
2001 4528 2088 4582 36.
2127 4526 2242 4596 37];
2289 4527 2385 4582 sed
2429 4528 2566 4582 haec
2609 4527 2778 4582 verba
2826 4525 3138 4595 significare

678 4617 940 4671 videntur
980 4620 1136 4686 »post
1172 4617 1417 4672 actiones
1452 4616 1520 4672 de
1555 4617 1716 4671 rebus
1752 4617 1950 4672 sacris«
1995 4616 2070 4686 [Ρ.
2102 4616 2215 4684 37].
2287 4616 2438 4671 Nam
2473 4615 2581 4685 περὶ
2617 4622 2760 4686 ρηῶν
2797 4616 3039 4670 actiones
3075 4613 3137 4666 in

682 4708 1091 4776 programmate
1109 4705 1539 4774 uniuscuiusque
1557 4705 1829 4761 contionis
1855 4705 2064 4774 positas
2090 4705 2257 4760 fuisse
2275 4705 2634 4760 statuendum
2653 4708 2738 4760 est
2760 4704 2851 4772 [cf.
2871 4703 3140 4758 Schubert

677 4814 732 4865 p.
772 4798 864 4861 363
909 4794 1120 4849 »Wien
1160 4795 1349 4850 Stude<
1392 4795 1540 4849 1289
1553 4817 1565 4860 ;
1606 4795 1771 4849 aliter
1807 4794 1979 4849 sentit
2016 4794 2083 4849 de
2118 4795 2224 4849 hac
2260 4811 2318 4849 re
2354 4795 2535 4863 Heyse
2571 4813 2625 4863 p.
2665 4793 2775 4862 59].
