3567 5392
1615 423 1703 486 ὃὸ

429 622 630 697 atque
704 635 746 679 a
780 615 1210 698 .reliquorum
1285 615 1551 681 deorum
1625 616 1881 681 aerario
1945 616 2094 701 plus
2160 617 2574 702 septingenta
2638 615 2888 681 talenta

428 720 739 806 populum
791 728 1148 787 mutuatum
1204 742 1355 788 esse
1414 722 1584 787 tituli
1641 723 1891 805 aliquot
1937 722 2254 800 docent.¹)
2346 724 2641 807 Namque
2689 722 2888 788 etiam

431 827 655 892 horum
705 827 969 894 deorum
1014 836 1158 894 erat
1203 830 1424 895 urbem
1472 830 1654 913 tue-ri,
1702 837 1767 894 et
1816 836 2049 914 suapte
2096 838 2328 914 sponte
2375 830 2535 897 deos
2581 830 2650 894 id
2695 848 2883 914 prae-

429 942 607 1001 stare
668 935 948 1020 populus
1010 937 1302 1020 putabat,
1368 956 1513 1001 cum
1579 936 1847 1002 deorum
1909 944 1975 1003 et
2038 936 2215 1002 urbis
2281 937 2461 1003 salus
2517 937 2884 1003 firmissime

427 1041 595 1106 inter
641 1061 713 1107 se
761 1042 1242 1107 coniunctorum
1288 1063 1419 1108 uua
1467 1043 1827 1126 eademque
1875 1064 2021 1110 esse
2066 1042 2412 1111 videretur.
2490 1042 2708 1121 Quare
2754 1064 2883 1108 non

429 1147 638 1213 solum
681 1148 932 1215 reditus
978 1149 1174 1214 annui
1222 1150 1524 1233 aliaeque
1571 1170 1797 1217 omnes
1844 1150 2111 1216 deorum
2150 1151 2468 1236 pecuniae
2499 1150 2669 1217 bello
2700 1150 2885 1216 Pelo-

427 1255 825 1340 ponnesiaco
887 1265 1310 1341 consumptae
1357 1263 1507 1322 sunt
1526 1257 1595 1335 ²),
1656 1256 1775 1323 sed
1833 1257 2030 1322 etiam
2083 1257 2278 1324 rebus
2337 1257 2661 1343 pretiosis,
2715 1278 2886 1341 quae

429 1361 673 1447 templa
733 1362 1186 1447 possidebant,
1260 1364 1540 1449 populus
1613 1384 1770 1431 usus
1847 1372 1963 1446 est,
2040 1365 2148 1447 qui
2217 1385 2270 1430 e.
2336 1385 2387 1429 c.
2454 1384 2625 1430 anno
2687 1363 2885 1448 40615

427 1470 755 1553 pretiosas
811 1469 1075 1535 deorum
1135 1490 1240 1536 res
1294 1470 1361 1535 in
1416 1471 1671 1536 Pronao
1724 1480 2097 1538 reservatas
2154 1471 2422 1537 conflari
2442 1472 2489 1550 ³)
2550 1478 2614 1537 et
2670 1472 2885 1557 priore

427 1596 599 1641 anno
651 1572 826 1663 [407]
876 1596 957 1641 ex
1005 1577 1332 1643 Victoriae
1379 1577 1725 1643 simulacro
1783 1598 2076 1645 nummos
2124 1599 2357 1645 aureos
2406 1579 2554 1645 cudi
2571 1578 2624 1657 4)
2675 1578 2883 1644 iussit.

431 1682 746 1749 Videmus
809 1683 1022 1767 igitur,
1088 1703 1214 1766 quo
1278 1692 1472 1769 pacto
1537 1704 1617 1750 ex
1682 1685 1977 1750 omnibus
2043 1686 2317 1752 aerariis
2376 1685 2580 1753 sacris
2639 1684 2881 1770 populo

429 1789 744 1875 pecunias
802 1790 1115 1874 erogandi
1171 1798 1467 1876 potestas
1526 1791 1736 1875 fuerit,
1794 1812 1875 1857 ea
1921 1793 2172 1859 scilicet
2218 1793 2617 1875 condicione,
2676 1802 2764 1874 ut,
2825 1792 2885 1856 si

429 1897 575 1979 quis
622 1898 944 1962 aerarium
991 1918 1243 1964 sacrum
1289 1897 1538 1964 violare
1583 1899 1799 1983 vellet,
1848 1900 1910 1966 ei
1956 1900 2129 1984 ἀδείᾳ
2177 1921 2339 1986 opus
2369 1906 2563 1984 esset,
2611 1897 2882 1984 proinde

427 2023 508 2069 ac
555 2003 610 2069 si
658 2004 819 2087 quis,
867 2011 937 2070 ut
983 2006 1305 2071 aerarium
1333 2006 1661 2090 publicum
1687 2006 2029 2090 illegitime
2060 2007 2554 2089 deminueretur,
2601 2012 2881 2089 rogaret.

428 2110 817 2196 Impunitate
864 2111 1062 2195 igitur
1106 2112 1397 2196 rogatori
1444 2133 1759 2178 concessa
1800 2120 2181 2196 quaestores
2211 2114 2541 2180 Minervae
2572 2132 2885 2179 summam

426 2216 717 2300 aliquam
759 2219 1045 2305 pendere
1088 2220 1369 2305 populus
1415 2220 1625 2286 iussit.
1700 2220 1899 2286 Cuius
1944 2222 2262 2306 pecuniae
2308 2240 2505 2287 usura
2550 2219 2885 2306 persoluta

428 2331 530 2390 est
547 2323 596 2402 ⁵)
653 2326 1087 2392 caerimoniae
1143 2346 1368 2410 causa,
1424 2334 1495 2392 ut
1549 2326 1780 2410 religio
1842 2328 2243 2412 eximeretur,
2288 2348 2510 2394 verum
2555 2327 2626 2392 id
2671 2327 2885 2411 ipsum

426 2429 596 2516 ἀδείᾳ
640 2434 930 2516 rogatori
977 2432 1197 2498 danda
1241 2434 1456 2517 magis
1503 2434 1802 2500 effectum
1849 2435 2029 2512 est.⁰)

606 2536 924 2616 Quoniam
1005 2540 1452 2625 impunitatem
1543 2542 1822 2625 rogandi
1913 2542 2386 2628 impetrandam
2477 2541 2681 2608 fuisse
2773 2538 2881 2604 de-

426 2653 849 2712 monstratum
905 2656 1023 2733 est,
1078 2668 1247 2714 nunc
1311 2649 1743 2733 anquiremus,
1800 2669 1930 2733 qua
1986 2649 2068 2715 de
2125 2670 2326 2716 causa
2374 2649 2549 2733 ἀδείᾳ
2594 2645 2883 2730 rogatori

426 2772 591 2837 opus
638 2752 852 2821 fuerit.
929 2754 1084 2819 Cum
1131 2762 1348 2820 autem
1394 2775 1537 2820 eam
1587 2754 1797 2828 ἀδείας
1826 2776 2092 2822 causam
2121 2776 2287 2835 esse,
2337 2756 2510 2840 quod
2540 2754 2881 2838 integritas

423 2871 530 2926 τοῦ
575 2872 780 2928 κοινοῦ
825 2862 1119 2948 pecuniis
1166 2863 1248 2929 iis
1294 2863 1587 2947 violetur,
1637 2864 1870 2947 quibus
1917 2864 2237 2930 aerarium
2264 2864 2595 2950 publicum
2622 2868 2880 2926 auctum

426 2969 528 3052 sit,
576 2969 641 3033 in
697 2970 914 3035 Attico
963 2970 1221 3053 quidem
1269 2972 1404 3037 iure
1450 2971 1710 3057 publico
1778 2971 2193 3038 statuendum
2256 2993 2384 3037 non
2441 2972 2543 3055 sit,
2607 2968 2881 3034 alteram

425 3076 697 3143 subesse
744 3086 1015 3162 oportet.
1111 3078 1271 3149 Cum
1338 3078 1603 3146 deorum
1659 3080 1829 3144 enim
1886 3079 2122 3145 damno
2178 3079 2499 3145 aerarium
2554 3075 2881 3163 publicum

424 3182 763 3266 illegitime
828 3191 1086 3250 auctum
1150 3186 1255 3251 vel
1292 3166 1637 3252 ‘aerarium
1697 3206 1950 3252 sacrum
2009 3186 2402 3251 deminutum
2470 3193 2596 3269 est,
2659 3202 2879 3267 quam-

424 3309 621 3372 quam
673 3290 899 3376 populi
954 3299 1054 3357 est
1109 3312 1336 3359 curare
1383 3301 1448 3359 et
1495 3292 1771 3377 efficere,
1838 3301 1906 3358 ut
1962 3313 2192 3359 sacrae
2249 3292 2514 3359 deorum
2559 3289 2879 3376 pecuniae

423 3396 710 3463 intactae
783 3405 1106 3464 maneant.
1215 3399 1383 3466 Nam
1457 3399 1624 3466 sicut
1687 3399 2016 3484 publicum
2078 3400 2173 3464 ita
2240 3419 2494 3464 sacrum
2556 3396 2880 3463 aerarium

423 3503 741 3587 integrum
789 3514 1127 3589 ratumque
1175 3506 1259 3573 sit
1300 3514 1571 3591 oportet,
1619 3515 1683 3573 et
1728 3507 1968 3591 populo
2017 3500 2333 3591 pecuniae
2381 3526 2521 3571 cum
2569 3505 2696 3589 ipsi
2744 3510 2879 3569 tum

423 3609 526 3676 dis
576 3611 837 3678 debitae
884 3621 1034 3680 sunt
1080 3614 1464 3697 exigendae.
1557 3616 1784 3681 Utrum
1841 3614 1909 3678 id
1965 3614 2224 3698 quidem
2272 3620 2444 3679 tutor
2490 3634 2574 3678 an
2622 3618 2880 3678 curator

420 3737 506 3782 an
572 3718 870 3785 dominus
935 3719 1135 3786 faciat
1195 3721 1502 3806 populus,
1567 3742 1695 3786 non
1752 3721 1943 3787 huius
2008 3721 2133 3787 loci
2193 3730 2293 3788 est
2348 3740 2689 3805 quaerere3
2757 3717 2876 3784 sed

427 3832 530 3890 est
575 3826 797 3908 utique
845 3825 1146 3895 officium.
1242 3829 1472 3911 Itaque
1521 3828 1576 3893 si
1625 3829 1771 3910 quis
1817 3829 2223 3912 rogationem
2270 3829 2520 3893 laturus
2568 3834 2759 3907 esset,
2807 3831 2879 3889 ut

419 3932 841 4016 pecuniarum
899 3954 1228 3999 sacrarum
1285 3933 1636 4000 deminutio
1691 3934 1877 3999 fieret
1933 3934 2276 4019 illegitima
2323 3934 2427 4000 vel
2474 3941 2545 3999 ut
2580 3930 2876 4018 pecuniis

421 4038 628 4104 sacris
673 4040 953 4125 populus
1001 4041 1067 4105 in
1114 4062 1298 4106 usum
1344 4041 1669 4127 publicum
1720 4048 2024 4128 uteretur,
2071 4042 2139 4107 id
2185 4043 2313 4107 nisi
2341 4041 2533 4107 venia
2563 4058 2876 4105 concessa

421 4144 562 4210 fieri
608 4166 736 4211 non
783 4146 1012 4231 potuit.
1105 4147 1271 4213 Nam
1331 4148 1387 4214 si
1443 4149 1722 4234 populus
1781 4148 1975 4214 venia
2021 4149 2309 4233 rogatori
2358 4148 2516 4213 data
2563 4146 2876 4233 pecunias

604 4287 647 4356 ¹)
685 4289 764 4343 De
801 4289 888 4342 his
928 4290 1366 4344 mutuationibus
1404 4290 1471 4345 cf.
1511 4291 1712 4345 Beloch
1749 4293 1788 4345 1.
1818 4292 1855 4345 l.
1895 4309 1946 4361 p.
1975 4292 2044 4346 57
2065 4309 2171 4360 sq.;
2218 4291 2412 4344 Busolt
2450 4293 2480 4354 ἓ
2524 4291 2627 4344 214
2663 4307 2716 4358 p.
2757 4290 2877 4344 190.

605 4376 653 4443 ²)
690 4379 756 4433 cf.
796 4379 936 4433 CJA.
976 4379 1003 4432 I
1048 4378 1162 4434 188.

601 4465 650 4534 ⁸)
686 4468 753 4522 cf.
792 4467 934 4522 CJA.
973 4468 1000 4521 I
1040 4468 1168 4533 1403
1212 4469 1402 4523 Busolt
1439 4472 1469 4532 ὅ
1509 4470 1611 4523 214
1650 4487 1703 4538 p.
1746 4471 1866 4524 191.

602 4555 650 4622 ⁴)
688 4558 753 4629 cf.
793 4557 1235 4611 Bfichsenschfitz
1270 4575 1324 4626 p.
1364 4558 1483 4612 600.

599 4644 644 4709 ⁶)
682 4646 748 4700 cf.
789 4646 1008 4700 Boeckh
1046 4645 1082 4700 l.
1123 4645 1159 4701 l.
1199 4646 1226 4700 I
1262 4646 1392 4712 5803
1430 4665 1481 4700 v,
1519 4665 1687 4716 supra
1722 4665 1775 4716 p.
1816 4649 1902 4702 51.

600 4732 649 4801 ⁶)
689 4736 769 4789 De
805 4737 911 4790 hac
946 4753 1004 4790 re
1041 4736 1101 4790 in
1139 4737 1281 4791 libro
1320 4737 1418 4791 alt.
1458 4754 1575 4806 cap.
1614 4737 1641 4790 I
1677 4755 1718 4791 s.
1757 4737 1796 4790 f.
1835 4741 2049 4806 agetur.
