3567 5392
1573 438 1653 504 21

375 635 586 720 quod,
650 655 1038 718 quamquam
1105 635 1452 718 genuinum
1521 642 1666 700 esse
1733 639 2016 712 constat,
2094 640 2335 718 tamen,
2410 641 2481 699 ut
2544 635 2847 719 Droysen

379 743 529 828 ipse
601 742 971 827 concedit1),
1050 741 1212 808 satis
1278 740 1704 826 depravatum
1792 747 1857 806 et
1944 741 2402 825 interpolatum
2483 747 2601 825 est,
2682 741 2847 807 haec

376 849 712 933 leguntur:
789 848 1248 936 Πατροκλείδης
1308 847 1495 926 εἶπεν,
1573 845 1823 934 Ἐπειδὴ
1897 849 2263 935 ἐψηφίσαντο
2335 846 2661 934 Ἀθηναῖοι
2738 854 2848 934 τὴν

372 955 590 1022 ἄδειαν
662 961 798 1041 περὶ
860 962 975 1022 τῶν
1040 955 1409 1044 ὀφειλόντων,
1474 953 1629 1020 ὥστε
1697 957 1888 1035 λέγειν
1942 954 2151 1027 ἐξεῖναι
2215 958 2319 1019 καὶ
2380 955 2768 1042 ἐπιψηφίζειν.
2794 1007 2808 1023 .
2829 1006 2844 1022 .

362 1068 452 1128 ⁴ct
534 1062 838 1128 inferiore
919 1063 1062 1129 loco
1154 1063 1218 1146 [ἓ
1314 1063 1450 1146 78]:
1543 1061 1736 1145 50022)
1828 1061 2020 1149 ἄτιμοι
2110 1061 2265 1148 ἦσαν
2356 1060 2395 1147 ἢ
2478 1059 2843 1148 ὀφείλοντες.

383 1170 604 1236 Verba
659 1176 875 1236 autem
932 1175 1106 1256 ,,περὶ
1157 1178 1277 1235 τῶν
1328 1168 1724 1257 ὀφειλόντων“
1772 1164 2212 1234 dubitationes
2270 1166 2507 1233 afferre
2553 1176 2846 1253 possunt.

373 1276 601 1342 Habet
699 1277 868 1343 enim
971 1276 1347 1343 offensionis
1449 1275 1699 1359 aliquid
1796 1275 2259 1341 sententiarum
2352 1295 2589 1341 nexus:
2684 1274 2845 1363 ὀφεί-

373 1384 615 1460 λοντες,
671 1382 822 1449 ὥστε
877 1387 1063 1468 λέγειν
1127 1384 1339 1457 ἐξεῖναι
1393 1386 1544 1460 κτλ,
1612 1402 1781 1467 quae
1845 1382 2046 1447 verba
2110 1394 2229 1467 per
2291 1383 2603 1465 ambages
2667 1383 2845 1448 dicta

376 1497 552 1557 sunt.
646 1491 814 1558 Nam
863 1490 1117 1557 debitor
1158 1490 1406 1557 fiscalis
1463 1488 1523 1573 (ὀ
1578 1489 1839 1579 ὀφείλων
1894 1498 1975 1574 τῷ
2030 1491 2329 1576 δημοσίῳ)
2387 1508 2547 1556 sane
2605 1491 2846 1556 contio·

373 1596 586 1662 nandi
632 1606 757 1677 (τοῦ
803 1600 1014 1679 λέγειν)
1063 1597 1441 1663 facultatem
1485 1616 1615 1662 non
1661 1596 1860 1663 habet
1903 1615 2115 1680 neque
2162 1597 2447 1682 epistata
2492 1597 2559 1662 in
2617 1597 2844 1663 suffra-
2943 1678 2955 1691 Ι

374 1704 557 1787 gium
603 1703 902 1769 mittendi
951 1709 1084 1784 (τοῦ
1123 1705 1542 1792 ἐπιψηφίζειν),
1590 1702 1710 1770 sed
1757 1702 2199 1768 tantummodo
2240 1710 2561 1787 quatenus
2588 1703 2846 1772 debitor

339 1795 625 1876 'aerarii
670 1810 844 1877 idem
902 1812 1116 1898 capite
1172 1810 1540 1878 deminutus
1596 1811 1865 1898 (ἄτιμος)
1923 1817 2040 1895 est,
2098 1810 2189 1895 ,,ᾧ
2248 1815 2333 1898 μὴ
2392 1811 2611 1884 ἔξεστιν
2667 1810 2842 1878 εἰπεῖν

374 1915 447 1984 ἐν
476 1930 562 2002 τῷ
592 1918 822 2006 δήμῳ.“
878 1917 1070 1994 Quod
1105 1918 1370 1984 levioris
1400 1925 1579 1984 esset
1605 1918 1928 2002 momenti,
1942 1917 1987 1996 ³)
2028 1917 2156 1983 nisi
2185 1917 2649 2003 psephismatis
2679 1919 2845 1985 haec

374 2026 583 2090 verba
630 2032 867 2110 essent,
914 2026 982 2091 in
1027 2046 1156 2109 quo
1203 2026 1420 2091 omnia
1467 2033 1770 2091 accurate
1817 2025 2062 2109 scripta
2099 2044 2249 2091 esse
2278 2025 2508 2091 solent.
2570 2025 2848 2092 Gravior

375 2137 600 2197 autem
673 2132 883 2198 altera
948 2139 1048 2199 est
1120 2150 1342 2200 causa.
1478 2132 1674 2218 Apud
1737 2131 2015 2198 eundem
2079 2131 2251 2198 enim
2314 2131 2716 2198 Andocidem
2778 2134 2847 2199 in

374 2238 676 2303 oratione
718 2236 804 2304 de
851 2240 1177 2324 mysteriis
1224 2240 1469 2324 habita,
1515 2246 1861 2324 postquam
1898 2240 1960 2322 [ἓ
2003 2240 2108 2323 73]
2147 2247 2365 2304 orator
2406 2238 2600 2305 dixit:
2647 2293 2661 2307 .
2687 2293 2701 2308 .
2722 2247 2848 2307 ,καὶ

374 2345 582 2418 ἔδοξεν
654 2342 790 2433 ὗμῖν
860 2350 997 2419 τοὺς
1069 2346 1310 2434 ἀτίμους
1382 2346 1679 2434 ἐπιτίμους
1742 2360 2016 2434 ποιῆσαι,
2078 2350 2184 2412 καὶ
2245 2346 2369 2412 εἶπε
2431 2353 2544 2431 τὴν
2608 2353 2845 2436 γνώμην

379 2446 856 2539 Πατροκλείδης,
910 2453 1141 2537 [usque
1189 2452 1275 2519 ad
1322 2457 1364 2533 ξ
1416 2454 1523 2538 ’76]
1582 2452 1666 2520 de
1722 2452 2001 2519 diversis
2057 2453 2403 2537 generibus
2461 2455 2677 2539 eapite
2735 2454 2845 2522 de·

370 2558 769 2624 minutorum
814 2559 1032 2643 agitur
1078 2560 1269 2645 iique,
1317 2581 1359 2626 a
1406 2560 1640 2644 quibus
1688 2559 1951 2644 singula
2006 2559 2150 2625 iura
2207 2560 2584 2627 abiudicata
2637 2570 2843 2647 erant,

373 2672 855 2734 enumerantur.
976 2667 1277 2751 Denique
1344 2669 1406 2751 [ἓ
1458 2668 1564 2752 76]
1632 2667 1798 2732 haec
1862 2668 2064 2733 verba
2127 2674 2508 2751 sequuntur:
2572 2669 2683 2734 καί
2742 2692 2843 2755 μοι

378 2771 682 2856 ἀνάγνωθι
728 2777 800 2839 τὸ
837 2779 1111 2862 ψήφισμα
1138 2778 1210 2840 τὸ
1239 2768 1717 2860 Πατροκλείδου,
1765 2771 1936 2840 aa&
1967 2776 2000 2839 δ
2045 2784 2229 2838 ταῦτα
2275 2773 2523 2856 ἐγένετο.
2598 2773 2845 2861 Πατρο-

320 2962 324 2967 ,
368 2881 627 2966 οιλείδης
673 2878 835 2947 εἶπεν
880 2885 1014 2948 κτλ.

558 2987 683 3052 Ηίο
729 2994 1002 3071 quaerat
1048 2989 1389 3074 quispiam,
1437 3004 1568 3072 qua
1614 2987 1697 3053 de
1744 3008 1949 3054 causa
1994 2988 2062 3053 in
2108 2987 2554 3075 psephismate
2601 2988 2685 3056 de
2731 2988 2841 3055 de-

374 3094 694 3160 bitoribus
752 3102 1003 3181 agatur,
1069 3095 1189 3162 sed
1252 3096 1307 3161 οἱ
1369 3095 1591 3184 ἄτιμοι,
1666 3112 2058 3180 quamquam
2132 3114 2334 3182 supra.
2395 3095 2479 3163 de
2545 3095 2841 3163 omnibus

378 3200 610 3266 horum
655 3203 1002 3286 generibus
1050 3203 1315 3289 copiose
1363 3211 1581 3268 orator
1628 3202 1902 3287 dixerat,
1958 3224 2041 3270 ne
2087 3211 2515 3270 memorentur
2561 3201 2840 3288 quidem.

372 3306 609 3391 Atqui,
684 3316 1029 3395 postquam
1102 3310 1481 3396 psephisma
1553 3310 1892 3375 recitatum
1968 3316 2093 3394 est,
2176 3308 2362 3376 addit
2431 3309 2836 3376 Andocides:

368 3419 542 3479 ’κατὰ
588 3422 690 3504 μὲν
737 3422 803 3483 τὸ
852 3423 1129 3505 ψήφισμα
1173 3422 1335 3483 τουτὶ
1378 3420 1520 3490 τοὺς
1575 3416 1821 3503 ἀτίμους
1877 3417 2175 3505 ἐπιτίμους
2232 3417 2570 3505 ἐποιήσατε.
2662 3415 2842 3483 Nihil

372 3520 465 3588 de
511 3522 911 3590 debitoribus
958 3524 1229 3608 aerarii3
1295 3524 1495 3608 idque
1541 3524 1784 3610 optimo
1831 3524 1970 3591 iure
2006 3544 2153 3589 mea
2192 3523 2452 3606 quidem
2498 3523 2840 3590 sententia.

377 3628 726 3696 Debitores
774 3631 944 3697 enim
989 3630 1250 3698 fiscales
1296 3637 1550 3697 tantum
1595 3630 1814 3717 capite
1862 3630 2332 3696 deminutorum
2374 3650 2639 3696 numero
2670 3649 2839 3696 com-

371 3734 876 3823 prehenduntur,
916 3736 1033 3804 sed
1069 3756 1199 3803 non
1229 3758 1451 3805 omnes
1481 3737 1697 3823 capite
1726 3736 2041 3802 deminuti
2084 3752 2347 3802 numero
2395 3735 2773 3804 debitorum.
2783 3736 2839 3819 4)

377 3838 610 3926 Itaque
667 3842 894 3929 Saupii
951 3846 1245 3930 exemplo
1293 3851 1444 3931 post
1496 3842 1697 3910 verba
1759 3848 1869 3931 τὴν
1925 3840 2129 3910 ἄδειαν
2173 3843 2337 3909 haec
2383 3842 2610 3910 inseri:
2660 3847 2840 3929 ,,περὶ

370 3959 499 4017 τῶν
577 3949 834 4038 ἀτίμων“
905 3952 1128 4036 itaque
1189 3952 1324 4036 legi
1385 3952 1564 4018 volo:
1630 3953 1833 4039 ἐπειδὴ
1906 3951 2271 4040 ἐψηφίσαντο
2341 3948 2662 4037 Ἀθηναῖοι
2724 3954 2838 4036 τὴν

562 4092 606 4157 ¹)
643 4092 710 4148 ef.
759 4093 802 4148 Ι.
851 4094 1122 4164 Droysen:
1177 4094 1275 4149 »de
1324 4094 1698 4164 Demophanti
1753 4093 2086 4149 Patroclidis
2133 4092 2411 4148 Tisameni
2455 4090 2834 4161 populiscitis‹

379 4182 555 4238 Berol.
598 4182 754 4237 1873.
826 4183 880 4237 Is
918 4184 1065 4238 enim
1102 4187 1231 4238 acta
1274 4183 1498 4253 publica
1523 4183 1671 4252 apud
1690 4182 2030 4237 Andocidem
2065 4184 2284 4237 servata
2318 4183 2507 4235 utrum
2543 4199 2578 4236 a
2611 4180 2839 4236 falsario
2891 4242 2894 4245 ,

367 4271 618 4341 quodam
653 4272 784 4328 ficta
820 4271 934 4327 sint
969 4286 1157 4338 necne,
1197 4272 1489 4340 quaesivit.

560 4359 603 4428 ⁸)
640 4361 725 4416 ita,
761 4362 945 4426 Blass;
1000 4362 1246 4431 Droysen
1282 4362 1450 4417 verba
1491 4357 1562 4431 »ἢ
1600 4356 1911 4430 ὀφείλοντεςα
1954 4358 2127 4414 deleri-
2162 4358 2334 4413 iubet.

560 4448 604 4519 ⁸)
640 4450 966 4521 praesertim
1013 4451 1061 4505 si
1107 4450 1447 4506 conferamus
1493 4449 1881 4505 Demosthenis
1926 4448 2096 4504 verba
2139 4448 2322 4502 XXIV
2368 4450 2460 4503 90:
2513 4488 2527 4501 .
2547 4446 2736 4517 ..πρὸς
2784 4442 2840 4507 δὲ

366 4536 566 4600 τούτοις
602 4536 851 4610 ἐπιτίμους
887 4540 1002 4601 τοὺς
1039 4537 1330 4610 ὀφείλοντας
1349 4577 1362 4590 .
1385 4576 1398 4590 .
1421 4577 1432 4590 .
1470 4536 1789 4609 καθίστησιν.

560 4627 604 4696 ⁴)
643 4629 815 4684 Velut
852 4628 1125 4684 debitores
1163 4628 1360 4684 aerarii
1407 4628 1680 4697 disiungit
1727 4646 1761 4683 a
1806 4626 2034 4696 reliquis
2071 4626 2252 4697 capite
2290 4624 2589 4681 deminutis
2625 4622 2832 4694 [Dem.]

365 4714 529 4773 XXV
566 4719 651 4773 30.
