3567 5392
1799 393 1924 457 112

672 591 963 673 integrae
995 596 1056 654 et
1089 589 1351 653 deorum
1381 588 1662 672 ipsorum
1701 588 1908 654 instar
1946 586 2323 670 inviolabili,
2371 584 2822 651 detrimentum
2861 581 3132 665 aliquod

673 696 862 762 affert
899 697 966 760 in
1004 695 1291 760 favorem
1338 695 1734 778 singulorum
1780 693 2125 777 hominum,
2165 713 2293 758 non
2332 692 2612 757 omnium
2651 691 2904 756 civium.
2985 687 3133 766 Quo

673 802 933 868 decreto
981 803 1258 887 populus
1313 802 1654 868 universus
1701 802 1981 884 gratiam
2011 800 2183 885 facit,
2214 798 2388 884 quod
2411 798 2821 884 privilegium
2853 796 3128 864 Athenis

671 917 919 976 tantum
974 931 1014 975 a
1071 931 1188 977 sex
1256 910 1515 975 milibus
1572 909 1806 974 civium
1864 909 2134 975 occultis
2191 907 2521 990 suffragiis
2577 907 2854 989 irrogari
2898 906 3133 991 potuit.

674 1017 805 1083 Sed
852 1038 932 1083 ea
980 1019 1122 1083 sola
1166 1017 1512 1101 privilegia
1557 1017 1686 1082 nisi
1732 1037 1876 1081 cum
1923 1015 2148 1101 populi
2196 1015 2388 1081 venia
2436 1013 2676 1080 deferri
2720 1013 2904 1097 leges
2950 1019 3128 1079 veta-

673 1125 845 1203 bant,
883 1145 1050 1207 quae
1087 1144 1296 1208 neque
1327 1123 1690 1189 hominibus
1734 1124 1974 1207 optime
2009 1122 2090 1188 de
2129 1144 2199 1189 re
2238 1120 2497 1207 publica
2534 1121 2781 1187 meritis
2818 1127 3127 1204 tanquam

671 1232 961 1315 praemia
1008 1231 1466 1314 tribuebantur,
1513 1250 1724 1312 neque
1770 1230 1917 1314 ipsa
1967 1249 2048 1295 ex
2096 1235 2489 1318 ψηφισμάτων
2538 1227 2626 1293 ἐπ’
2668 1227 2836 1313 ἀνδρί
2875 1227 3131 1292 ratione

674 1337 742 1424 (i.
791 1359 843 1403 e.
890 1358 1008 1422 per
1051 1357 1179 1402 non
1223 1339 1433 1404 minus
1482 1358 1598 1403 sex
1643 1337 1824 1401 milia
1872 1336 2130 1412 civium)
2180 1336 2577 1413 dabantur.¹)
2650 1335 2862 1418 Atque
2910 1334 3133 1419 specie

673 1444 934 1528 quidem
950 1444 1229 1531 populus
1276 1444 1345 1509 id
1388 1444 1799 1528 privilegium
1831 1464 2065 1527 rogare
2103 1444 2351 1528 patitur
2385 1442 2699 1526 religione
2740 1448 3135 1507 commotus:'

672 1551 1063 1617 verecundia
1104 1549 1309 1633 (αἰδοῖ)
1338 1551 1404 1615 in
1433 1551 1792 1635 supplicem
1821 1550 2077 1638 (ἱκέτην)
2108 1551 2322 1633 utitur,
2353 1549 2520 1615 sicut
2547 1549 2692 1622 Ζεὺς
2717 1549 2932 1622 ἱκέσιος
2962 1550 3133 1628 (sive

671 1659 991 1745 ἱκετήσιος)
1005 1658 1050 1734 ²)
1089 1658 1247 1743 ipse,
1286 1657 1391 1723 vel
1429 1657 1542 1723 alii
1589 1657 1713 1743 dei,
1727 1658 1776 1739 3)
1827 1660 1893 1723 in
1932 1678 2198 1742 quorum
2237 1657 2511 1723 tutelam
2549 1657 2824 1741 supplex
2858 1676 2928 1722 se
2960 1676 3129 1721 com-

672 1764 1022 1832 mendavit.
1116 1765 1284 1831 Nam
1342 1764 1551 1838 ἀδείας
1605 1766 1966 1832 institutum
2025 1786 2107 1831 ex
2160 1764 2301 1830 iure
2364 1784 2549 1830 sacro
2607 1754 2813 1829 ortum
2874 1783 3128 1849 semper

674 1891 815 1935 cum
863 1873 1068 1938 sacris
1116 1873 1524 1938 caerimoniis
1573 1874 1982 1938 coniunctum
2029 1870 2287 1956 mansit,
2334 1879 2403 1936 ut
2448 1872 2514 1937 in
2561 1871 2726 1937 libro
2778 1871 2985 1937 altero
3017 1871 3125 1937 de-

671 1979 1146 2045 monstrabitur.
1238 1982 1333 2044 Re
1390 2000 1546 2045 vera
1605 1986 1821 2046 autem
1881 1981 2161 2065 populus
2218 1979 2418 2045 ἄδειαν
2476 1978 2592 2044 dat
2652 1979 2753 2045 sui
2806 1979 3127 2044 commodi

673 2104 890 2151 causa.
1002 2087 1285 2152 Salutem
1353 2087 1522 2152 enim
1577 2087 1670 2152 rei
1738 2087 2039 2172 publicae
2104 2086 2361 2171 plurimi
2427 2085 2781 2153 aestimans
2847 2086 3130 2171 populus

675 2211 929 2276 semper
975 2213 1054 2258 ea
1102 2193 1365 2260 decreta
1414 2194 1587 2278 facit,
1638 2215 1719 2259 ex
1767 2195 2002 2277 quibus
2032 2194 2382 2258 maximam
2411 2193 2756 2260 utilitatem
2790 2200 3127 2277 capturum

675 2318 745 2363 se
803 2319 950 2365 esse
1007 2308 1245 2384 sperat.
1334 2302 1564 2384 Itaque
1628 2302 1826 2366 etiam
1873 2299 2177 2364 damnum
2223 2299 2489 2383 aliquod
2535 2301 2794 2384 perfert,
2843 2301 2900 2366 si
2939 2322 3019 2366 ea
3055 2321 3133 2366 re

673 2405 1031 2472 rationibus
1081 2408 1216 2474 suis
1265 2428 1336 2473 se
1384 2407 1720 2474 consulere
1767 2414 1972 2491 putat.
2027 2407 2113 2471 At
2158 2427 2310 2472 vero
2357 2408 2636 2492 populus
2684 2408 2750 2471 in
2786 2407 2890 2472 his
2932 2407 3127 2473 rebus

676 2531 875 2595 seque
923 2512 1328 2600 salutemque
1375 2534 1559 2580 suam
1607 2514 1674 2579 in
1723 2515 1935 2579 aleam
1982 2513 2309 2596 quandam
2366 2513 2497 2598 dat,
2563 2514 2784 2596 itaque
2843 2534 2921 2580 ea
2980 2515 3136 2580 sub-

674 2618 887 2684 eunda
935 2620 1019 2685 sit
1065 2641 1286 2705 necne,
1332 2621 1533 2687 ἄδειαν
1583 2621 1801 2686 dando
1851 2627 1963 2685 aut
2011 2620 2396 2704 denegando
2446 2620 2786 2705 disceptat.

858 2797 898 2860 ¹)
936 2799 1108 2853 Velut
1144 2799 1204 2853 in
1241 2801 1365 2870 lege
1403 2800 1469 2854 de
1506 2800 1762 2855 donanda
1800 2799 2031 2854 civitate
2067 2801 2188 2853 lata
2233 2802 2459 2854 cautum
2496 2802 2594 2863 est,
2642 2816 2712 2853 ne
2750 2800 2873 2867 quis
2909 2800 3018 2853 nisi
3056 2800 3138 2854 ol»

669 2888 932 2942 beneficia
987 2889 1047 2941 in
1102 2890 1369 2958 populum
1423 2889 1850 2944 Atheniensium
1895 2890 2100 2943 collata
2143 2889 2277 2943 civis
2313 2891 2490 2953 fieret;
2530 2889 2595 2943 cf.
2645 2885 2839 2956 [Dem.]
2880 2890 3000 2943 LIX
3039 2890 3124 2945 89.

669 2977 734 3029 In
771 2977 1069 3046 privilegia
1106 2981 1295 3032 autem
1331 2979 1562 3048 praemii
1601 2997 1767 3033 causa
1805 2979 2105 3048 irroganda
2150 2980 2314 3034 venia
2357 2979 2602 3048 rogatori
2648 2997 2758 3033 non
2806 2997 2940 3049 opus
2986 2983 3125 3034 erat.

671 3065 899 3119 Accedit
927 3066 1178 3134 denique,
1216 3067 1362 3135 quod
1400 3067 1645 3122 civitatis
1683 3068 1838 3122 datio
1874 3069 1996 3137 ipsa
2033 3066 2272 3138 ψήφισμα
2308 3065 2383 3117 ἐπ’
2423 3065 2560 3137 ἀνδρί
2597 3071 2694 3122 est.
3084 3076 3087 3083 ‘

856 3152 898 3221 ²)
936 3155 1001 3210 cf.
1041 3155 1271 3210 Preller:
1316 3156 1561 3211 »Griech.
1598 3153 1865 3225 Mythol.‹<
1908 3156 1964 3211 1⁴
2000 3175 2052 3226 p.
2098 3158 2268 3222 1453.
2313 3157 2482 3222 1513.

854 3242 896 3310 ³)
935 3243 1090 3299 Sicut
1128 3241 1251 3305 Ζεὺς
1295 3241 1475 3305 ἱκὲσιος
1521 3246 1606 3300 ita
1651 3242 1774 3305 Ζεὺς
1824 3243 2038 3316 ἐφέστιος
2086 3246 2400 3314 antiquitus
2454 3247 2726 3315 supplices
2781 3248 2996 3309 tuetur3
3053 3245 3135 3300 cf-

669 3334 876 3388 Preller
913 3334 949 3387 1.
987 3334 1024 3389 l.
1063 3334 1089 3387 I
1125 3352 1178 3403 p.
1219 3335 1323 3388 146
1342 3352 1420 3403 sq.
1467 3335 1645 3400 151,2;
1705 3353 1807 3389 nec
1843 3353 1996 3390 secus
2041 3335 2164 3404 ipsa
2203 3332 2403 3397 Ἑστία;
2431 3335 2497 3389 cf.
2528 3352 2573 3389 e.
2603 3353 2647 3389 e.
2677 3334 2825 3389 Plut.
2875 3334 2943 3389 de
2991 3335 3123 3388 mul.

668 3424 797 3477 virt.
835 3423 1007 3477 XVII.
1086 3423 1183 3490 [De
1222 3423 1343 3489 diis,
1383 3424 1481 3492 qui
1518 3420 1723 3493 ἐφέστιοι
1757 3428 2042 3489 vocantur,
2082 3425 2146 3478 cf.
2186 3425 2393 3478 Preller
2429 3424 2465 3478 l.
2504 3425 2540 3478 1.
2578 3425 2604 3478 I
2641 3442 2694 3493 p.
2734 3423 2935 3491 424,2.]
3003 3424 3126 3478 Huc

668 3512 912 3581 pertinet
946 3512 1096 3565 locus
1126 3516 1427 3582 corruptus,
1466 3514 1564 3581 qui
1603 3514 1751 3582 apud
1780 3513 2114 3582 Hesychium
2143 3514 2350 3583 legitur
2376 3531 2416 3569 s.
2446 3531 2497 3567 v.
2528 3509 2693 3579 ἆδὶας,
2722 3513 2869 3581 quod
2894 3514 3126 3568 verbum

669 3603 766 3656 ille
811 3602 1036 3670 quidem
1080 3604 1328 3657 vocibus:
1368 3599 1565 3674 ἐσχάρη
1612 3605 1701 3658 vel
1740 3602 1909 3673 βωμός
1956 3604 2211 3673 explicat.
2287 3604 2626 3659 Guilelmum
2663 3602 3008 3658 Studemund
3045 3619 3127 3656 se·

670 3694 853 3756 cutus,
912 3692 1065 3746 cuius
1112 3692 1427 3747 coniectura
1469 3710 1557 3747 me
1594 3693 1681 3747 uti
1728 3694 2121 3762 benignissime
2165 3694 2345 3748 voluit
2389 3694 2478 3747 vir
2523 3692 2885 3758 doctissimus,
2943 3693 3124 3746 locum

668 3782 746 3837 sic
780 3782 1039 3836 restituo:
1078 3778 1371 3851 ἀδ<ε>ἱας
1409 3778 1623 3852 ἐσχάρη·
1654 3779 1840 3851 βωμός.
1923 3783 1989 3836 In
2026 3783 2251 3844 curiam,
2289 3783 2386 3837 ubi
2421 3780 2566 3851 κοινὴ
2604 3778 2741 3832 ἑστία
2778 3784 2913 3846 erat,
2952 3780 3131 3835 etiam

666 3871 1057 3940 posterioribus
1094 3871 1434 3941 temporibus
1470 3871 1742 3940 supplices
1778 3876 2049 3927 venerunt
2087 3872 2424 3941 praesidium
2460 3890 2495 3926 a
2520 3860 2735 3941 'populo
2760 3870 2997 3940 petituri
3038 3868 3122 3936 [cf.

667 3961 875 4016 Preller
910 3962 947 4014 l.
984 3962 1020 4015 1.
1060 3962 1087 4015 Ι
1122 3980 1173 4030 p.
1216 3962 1399 4025 424,3;
1437 3979 1490 4015 v.
1527 3961 1674 4016 infra
1718 3961 1778 4015 in
1818 3962 1957 4016 libro
1996 3962 2092 4016 alt.
2142 3979 2260 4031 cap.
2308 3962 2405 4016 ΠΙ.
2489 3961 2618 4015 Alia
2661 3959 2974 4030 supplicum
3020 3958 3125 4014 dea

667 4051 850 4105 Diana
886 4051 1172 4105 Munichia
1209 4054 1307 4116 est,
1347 4069 1489 4120 quae
1527 4051 1801 4120 imprimis
1841 4069 1875 4105 a
1913 4050 2282 4119 scriptoribuS,
2322 4051 2420 4119 qui
2457 4050 2524 4105 de
2560 4049 2779 4104 indiciis
2817 4047 3125 4104 deferendis

667 4144 862 4211 agunt,
902 4144 1359 4196 commemoratur
1398 4140 1487 4208 [de
1524 4142 1630 4195 hac
1672 4159 1725 4194 v.
1777 4141 1928 4195 infra
1976 4139 2036 4193 in
2080 4140 2221 4194 libro
2280 4141 2380 4194 alt.
2435 4158 2554 4209 cap.
2592 4139 2722 4207 IV];
2780 4142 2838 4193 et
2891 4138 3126 4193 fortasse

668 4232 840 4285 etiam
865 4223 1053 4291 Ἔλεος
1091 4230 1199 4285 huc
1234 4231 1493 4300 pertinet,
1540 4230 1694 4285 cuius
1732 4247 1832 4284 ara
1868 4229 1929 4282 in
1956 4228 2073 4283 foro
2100 4228 2211 4282 fuit
2242 4227 2326 4296 [cf.
2357 4229 2566 4283 Preller
2591 4228 2627 4282 1.
2658 4228 2694 4282 l.
2724 4226 2808 4282 11⁸
2838 4246 2894 4296 p.
2926 4224 3127 4294 281,1].

667 4321 868 4374 Utrum
905 4323 1093 4375 autem
1129 4321 1218 4375 lex
1255 4338 1329 4374 an
1374 4338 1491 4374 mos
1537 4319 1730 4387 fuerit,
1779 4323 1844 4373 ut
1891 4318 2006 4373 alia
2049 4318 2360 4388 supplicum
2417 4334 2622 4387 genera
2677 4317 2748 4370 ad
2803 4316 2941 4371 alios
2996 4315 3133 4369 deos·

666 4408 1040 4478 confugerent,
1079 4426 1175 4477 pro
1213 4411 1362 4464 certo
1399 4408 1509 4463 dici
1544 4426 1656 4463 non
1692 4411 1892 4477 potest.
