<?xml version="1.0" encoding="UTF-8"?>
<!DOCTYPE html PUBLIC "-//W3C//DTD XHTML 1.0 Transitional//EN"
    "http://www.w3.org/TR/xhtml1/DTD/xhtml1-transitional.dtd">
<html xmlns="http://www.w3.org/1999/xhtml" xml:lang="en" lang="en">
 <head>
  <title>
</title>
<meta http-equiv="Content-Type" content="text/html;charset=utf-8" />
  <meta name='ocr-system' content='tesseract 3.04.00' />
  <meta name='ocr-capabilities' content='ocr_page ocr_carea ocr_par ocr_line ocrx_word'/>
</head>
<body>
  <div class='ocr_page' id='page_1' title='image "./deadeiasnotione00goldgoog_0092.png"; bbox 0 0 3567 5392; ppageno 0'>
   <div class='ocr_carea' id='block_1_1' title="bbox 1828 427 1912 491">
    <p class='ocr_par' dir='ltr' id='par_1_1' title="bbox 1828 427 1912 491">
     <span class='ocr_line' id='line_1_1' title="bbox 1828 427 1912 491; baseline 0.012 -1"><span class='ocrx_word' id='word_1_1' title='bbox 1828 427 1912 491; x_wconf 88' lang='lat'>86</span> 
     </span>
    </p>
   </div>
   <div class='ocr_carea' id='block_1_2' title="bbox 1654 517 2081 524">
    <p class='ocr_par' dir='ltr' id='par_1_2' title="bbox 1654 517 2081 524">
     <span class='ocr_line' id='line_1_2' title="bbox 1654 517 2081 524; baseline 0 4868"><span class='ocrx_word' id='word_1_2' title='bbox 1654 517 2081 524; x_wconf 95' lang='lat' dir='ltr'> </span> 
     </span>
    </p>
   </div>
   <div class='ocr_carea' id='block_1_3' title="bbox 635 617 3108 3060">
    <p class='ocr_par' dir='ltr' id='par_1_3' title="bbox 973 617 2986 704">
     <span class='ocr_line' id='line_1_3' title="bbox 973 617 2986 704; baseline -0.001 -18"><span class='ocrx_word' id='word_1_3' title='bbox 973 623 1073 686; x_wconf 93' lang='lat' dir='ltr'>De</span> <span class='ocrx_word' id='word_1_4' title='bbox 1117 621 1346 686; x_wconf 87' lang='lat' dir='ltr'>venia</span> <span class='ocrx_word' id='word_1_5' title='bbox 1391 621 1897 704; x_wconf 78' lang='lat' dir='ltr'><strong>magistratus</strong></span> <span class='ocrx_word' id='word_1_6' title='bbox 1945 619 2435 685; x_wconf 76' lang='lat' dir='ltr'>accusaturis</span> <span class='ocrx_word' id='word_1_7' title='bbox 2484 617 2986 702; x_wconf 88' lang='lat' dir='ltr'>acquirenda.</span> 
     </span>
    </p>

    <p class='ocr_par' dir='ltr' id='par_1_4' title="bbox 635 726 3108 3060">
     <span class='ocr_line' id='line_1_4' title="bbox 821 726 3104 811; baseline -0.001 -19"><span class='ocrx_word' id='word_1_8' title='bbox 821 728 1206 811; x_wconf 79' lang='lat' dir='ltr'>Priusquam</span> <span class='ocrx_word' id='word_1_9' title='bbox 1269 727 1357 793; x_wconf 87' lang='lat' dir='ltr'>ad</span> <span class='ocrx_word' id='word_1_10' title='bbox 1414 727 1685 793; x_wconf 90' lang='lat' dir='ltr'>alteram</span> <span class='ocrx_word' id='word_1_11' title='bbox 1747 726 1938 792; x_wconf 90' lang='lat' dir='ltr'>huius</span> <span class='ocrx_word' id='word_1_12' title='bbox 2004 726 2151 791; x_wconf 87' lang='lat' dir='ltr'>libri</span> <span class='ocrx_word' id='word_1_13' title='bbox 2218 732 2470 810; x_wconf 90' lang='lat' dir='ltr'>partem</span> <span class='ocrx_word' id='word_1_14' title='bbox 2533 732 2890 809; x_wconf 82' lang='lat' dir='ltr'>transeam,</span> <span class='ocrx_word' id='word_1_15' title='bbox 2963 744 3104 790; x_wconf 80' lang='lat' dir='ltr'>rem</span> 
     </span>
     <span class='ocr_line' id='line_1_5' title="bbox 644 832 3108 920; baseline -0.002 -18"><span class='ocrx_word' id='word_1_16' title='bbox 644 835 972 920; x_wconf 88' lang='lat' dir='ltr'>quandam</span> <span class='ocrx_word' id='word_1_17' title='bbox 1020 854 1341 919; x_wconf 80' lang='lat' dir='ltr'>exponere</span> <span class='ocrx_word' id='word_1_18' title='bbox 1387 835 1452 900; x_wconf 94' lang='lat' dir='ltr'>in</span> <span class='ocrx_word' id='word_1_19' title='bbox 1501 834 1717 899; x_wconf 89' lang='lat' dir='ltr'>animo</span> <span class='ocrx_word' id='word_1_20' title='bbox 1767 842 1885 918; x_wconf 91' lang='lat' dir='ltr'>est,</span> <span class='ocrx_word' id='word_1_21' title='bbox 1930 836 1997 899; x_wconf 91' lang='lat' dir='ltr'>in</span> <span class='ocrx_word' id='word_1_22' title='bbox 2046 854 2191 918; x_wconf 93' lang='lat' dir='ltr'>qua,</span> <span class='ocrx_word' id='word_1_23' title='bbox 2237 854 2384 900; x_wconf 91' lang='lat' dir='ltr'>mea</span> <span class='ocrx_word' id='word_1_24' title='bbox 2440 833 2700 916; x_wconf 92' lang='lat' dir='ltr'>quidem</span> <span class='ocrx_word' id='word_1_25' title='bbox 2758 832 3108 917; x_wconf 77' lang='lat' dir='ltr'>sententia,</span> 
     </span>
     <span class='ocr_line' id='line_1_6' title="bbox 646 940 3105 1026; baseline -0.002 -18"><span class='ocrx_word' id='word_1_26' title='bbox 646 943 729 1009; x_wconf 90' lang='lat' dir='ltr'>de</span> <span class='ocrx_word' id='word_1_27' title='bbox 776 943 948 1026; x_wconf 73' lang='grc' dir='ltr'>ἀδείᾳ</span> <span class='ocrx_word' id='word_1_28' title='bbox 996 942 1217 1007; x_wconf 88' lang='lat' dir='ltr'>danda</span> <span class='ocrx_word' id='word_1_29' title='bbox 1273 942 1549 1025; x_wconf 89' lang='lat' dir='ltr'>cogitari</span> <span class='ocrx_word' id='word_1_30' title='bbox 1612 962 1741 1006; x_wconf 90' lang='lat' dir='ltr'>non</span> <span class='ocrx_word' id='word_1_31' title='bbox 1807 947 2039 1026; x_wconf 91' lang='lat' dir='ltr'>potest,</span> <span class='ocrx_word' id='word_1_32' title='bbox 2105 961 2495 1024; x_wconf 91' lang='lat' dir='ltr'>quamquam</span> <span class='ocrx_word' id='word_1_33' title='bbox 2561 940 2966 1006; x_wconf 85' lang='lat' dir='ltr'>Schoemann</span> <span class='ocrx_word' id='word_1_34' title='bbox 3028 940 3105 1005; x_wconf 91' lang='lat' dir='ltr'>id</span> 
     </span>
     <span class='ocr_line' id='line_1_7' title="bbox 644 1046 3097 1132; baseline -0.001 -18"><span class='ocrx_word' id='word_1_35' title='bbox 644 1049 902 1114; x_wconf 87' lang='lat' dir='ltr'>videtur</span> <span class='ocrx_word' id='word_1_36' title='bbox 948 1049 1329 1115; x_wconf 86' lang='lat' dir='ltr'>affirmasse.</span> <span class='ocrx_word' id='word_1_37' title='bbox 1403 1048 1636 1131; x_wconf 85' lang='lat' dir='ltr'>Agitur</span> <span class='ocrx_word' id='word_1_38' title='bbox 1681 1055 1898 1113; x_wconf 92' lang='lat' dir='ltr'>autem</span> <span class='ocrx_word' id='word_1_39' title='bbox 1946 1046 2028 1112; x_wconf 93' lang='lat' dir='ltr'>de</span> <span class='ocrx_word' id='word_1_40' title='bbox 2064 1053 2392 1132; x_wconf 90' lang='lat' dir='ltr'>potestate</span> <span class='ocrx_word' id='word_1_41' title='bbox 2447 1047 2871 1130; x_wconf 85' lang='lat' dir='ltr'>magistratus</span> <span class='ocrx_word' id='word_1_42' title='bbox 2911 1067 3097 1112; x_wconf 92' lang='lat' dir='ltr'>accu-</span> 
     </span>
     <span class='ocr_line' id='line_1_8' title="bbox 642 1151 3103 1241; baseline -0.001 -20"><span class='ocrx_word' id='word_1_43' title='bbox 642 1155 850 1240; x_wconf 91' lang='lat' dir='ltr'>sandi,</span> <span class='ocrx_word' id='word_1_44' title='bbox 910 1155 992 1222; x_wconf 93' lang='lat' dir='ltr'>de</span> <span class='ocrx_word' id='word_1_45' title='bbox 1044 1176 1171 1239; x_wconf 91' lang='lat' dir='ltr'>qua</span> <span class='ocrx_word' id='word_1_46' title='bbox 1219 1155 1626 1221; x_wconf 89' lang='lat' dir='ltr'>Schoemann</span> <span class='ocrx_word' id='word_1_47' title='bbox 1676 1154 1827 1238; x_wconf 90' lang='lat' dir='ltr'>[„de</span> <span class='ocrx_word' id='word_1_48' title='bbox 1874 1174 2032 1219; x_wconf 92' lang='lat' dir='ltr'>com.</span> <span class='ocrx_word' id='word_1_49' title='bbox 2078 1153 2271 1221; x_wconf 87' lang='lat' dir='ltr'>Ath.“</span> <span class='ocrx_word' id='word_1_50' title='bbox 2321 1177 2382 1239; x_wconf 90' lang='lat' dir='ltr'>p.</span> <span class='ocrx_word' id='word_1_51' title='bbox 2432 1151 2648 1241; x_wconf 82' lang='lat'>229¹)]</span> <span class='ocrx_word' id='word_1_52' title='bbox 2698 1154 2862 1218; x_wconf 92' lang='lat' dir='ltr'>haec</span> <span class='ocrx_word' id='word_1_53' title='bbox 2908 1153 3103 1219; x_wconf 81' lang='lat' dir='ltr'>dicit:</span> 
     </span>
     <span class='ocr_line' id='line_1_9' title="bbox 648 1260 3101 1347; baseline -0.003 -15"><span class='ocrx_word' id='word_1_54' title='bbox 648 1265 918 1337; x_wconf 82' lang='lat' dir='ltr'>..Nem0.</span> <span class='ocrx_word' id='word_1_55' title='bbox 949 1313 994 1347; x_wconf 85' lang='lat'>.,</span> <span class='ocrx_word' id='word_1_56' title='bbox 1035 1269 1104 1328; x_wconf 89' lang='lat' dir='ltr'>ut</span> <span class='ocrx_word' id='word_1_57' title='bbox 1146 1262 1420 1346; x_wconf 85' lang='lat' dir='ltr'>videtur,</span> <span class='ocrx_word' id='word_1_58' title='bbox 1460 1262 1886 1345; x_wconf 83' lang='lat' dir='ltr'>magistratus</span> <span class='ocrx_word' id='word_1_59' title='bbox 1925 1261 2221 1326; x_wconf 90' lang='lat' dir='ltr'>accusari</span> <span class='ocrx_word' id='word_1_60' title='bbox 2258 1261 2471 1345; x_wconf 90' lang='lat' dir='ltr'>potuit</span> <span class='ocrx_word' id='word_1_61' title='bbox 2497 1268 2762 1346; x_wconf 89' lang='lat' dir='ltr'>propter</span> <span class='ocrx_word' id='word_1_62' title='bbox 2791 1260 3101 1326; x_wconf 90' lang='lat' dir='ltr'>delictum</span> 
     </span>
     <span class='ocr_line' id='line_1_10' title="bbox 641 1368 3099 1453; baseline -0.001 -18"><span class='ocrx_word' id='word_1_63' title='bbox 641 1373 708 1437; x_wconf 90' lang='lat' dir='ltr'>in</span> <span class='ocrx_word' id='word_1_64' title='bbox 755 1369 1083 1453; x_wconf 89' lang='lat' dir='ltr'>fungendo</span> <span class='ocrx_word' id='word_1_65' title='bbox 1130 1389 1392 1434; x_wconf 91' lang='lat' dir='ltr'>munere</span> <span class='ocrx_word' id='word_1_66' title='bbox 1440 1369 1578 1435; x_wconf 88' lang='lat' dir='ltr'>sive</span> <span class='ocrx_word' id='word_1_67' title='bbox 1626 1376 1850 1434; x_wconf 90' lang='lat' dir='ltr'>contra</span> <span class='ocrx_word' id='word_1_68' title='bbox 1897 1368 2110 1453; x_wconf 91' lang='lat' dir='ltr'>ipsam</span> <span class='ocrx_word' id='word_1_69' title='bbox 2155 1368 2619 1453; x_wconf 79' lang='lat' dir='ltr'>rempublicam</span> <span class='ocrx_word' id='word_1_70' title='bbox 2678 1369 2816 1434; x_wconf 90' lang='lat' dir='ltr'>sive</span> <span class='ocrx_word' id='word_1_71' title='bbox 2873 1375 3099 1434; x_wconf 90' lang='lat' dir='ltr'>contra</span> 
     </span>
     <span class='ocr_line' id='line_1_11' title="bbox 640 1474 3099 1564; baseline -0.001 -22"><span class='ocrx_word' id='word_1_72' title='bbox 640 1479 962 1564; x_wconf 86' lang='lat' dir='ltr'>privatum</span> <span class='ocrx_word' id='word_1_73' title='bbox 1008 1477 1289 1559; x_wconf 89' lang='lat' dir='ltr'>aliquem</span> <span class='ocrx_word' id='word_1_74' title='bbox 1337 1476 1745 1542; x_wconf 91' lang='lat' dir='ltr'>commissum</span> <span class='ocrx_word' id='word_1_75' title='bbox 1793 1474 1920 1540; x_wconf 91' lang='lat' dir='ltr'>nisi</span> <span class='ocrx_word' id='word_1_76' title='bbox 1967 1495 2110 1540; x_wconf 91' lang='lat' dir='ltr'>cum</span> <span class='ocrx_word' id='word_1_77' title='bbox 2155 1475 2380 1560; x_wconf 91' lang='lat' dir='ltr'>populi</span> <span class='ocrx_word' id='word_1_78' title='bbox 2426 1476 2677 1541; x_wconf 86' lang='lat' dir='ltr'>venia.“</span> <span class='ocrx_word' id='word_1_79' title='bbox 2780 1475 2954 1545; x_wconf 80' lang='lat' dir='ltr'>..Hoc</span> <span class='ocrx_word' id='word_1_80' title='bbox 3001 1475 3099 1541; x_wconf 87' lang='lat' dir='ltr'>ita</span> 
     </span>
     <span class='ocr_line' id='line_1_12' title="bbox 642 1581 3105 1669; baseline -0.002 -19"><span class='ocrx_word' id='word_1_81' title='bbox 642 1589 851 1669; x_wconf 91' lang='lat' dir='ltr'>esse“,</span> <span class='ocrx_word' id='word_1_82' title='bbox 899 1584 1171 1649; x_wconf 90' lang='lat' dir='ltr'>adnotat</span> <span class='ocrx_word' id='word_1_83' title='bbox 1218 1582 1624 1648; x_wconf 89' lang='lat' dir='ltr'>Schoemann</span> <span class='ocrx_word' id='word_1_84' title='bbox 1672 1582 1758 1646; x_wconf 91' lang='lat' dir='ltr'>ad</span> <span class='ocrx_word' id='word_1_85' title='bbox 1815 1582 1979 1648; x_wconf 91' lang='lat' dir='ltr'>haec</span> <span class='ocrx_word' id='word_1_86' title='bbox 2033 1583 2250 1666; x_wconf 87' lang='lat' dir='ltr'>verba,</span> <span class='ocrx_word' id='word_1_87' title='bbox 2315 1582 2605 1656; x_wconf 90' lang='lat' dir='ltr'>„etiamsi</span> <span class='ocrx_word' id='word_1_88' title='bbox 2663 1581 2859 1647; x_wconf 89' lang='lat' dir='ltr'>nullis</span> <span class='ocrx_word' id='word_1_89' title='bbox 2917 1583 3105 1648; x_wconf 28' lang='lat' dir='ltr'>testi-f</span> 
     </span>
     <span class='ocr_line' id='line_1_13' title="bbox 639 1688 3100 1776; baseline -0 -20"><span class='ocrx_word' id='word_1_90' title='bbox 639 1692 874 1758; x_wconf 92' lang='lat' dir='ltr'>moniis</span> <span class='ocrx_word' id='word_1_91' title='bbox 940 1692 1216 1776; x_wconf 88' lang='lat' dir='ltr'>probare</span> <span class='ocrx_word' id='word_1_92' title='bbox 1289 1710 1573 1774; x_wconf 91' lang='lat' dir='ltr'>possum,</span> <span class='ocrx_word' id='word_1_93' title='bbox 1647 1690 1858 1773; x_wconf 88' lang='lat' dir='ltr'>ipsum</span> <span class='ocrx_word' id='word_1_94' title='bbox 1933 1696 2148 1754; x_wconf 92' lang='lat' dir='ltr'>tamen</span> <span class='ocrx_word' id='word_1_95' title='bbox 2224 1710 2341 1773; x_wconf 93' lang='lat' dir='ltr'>per</span> <span class='ocrx_word' id='word_1_96' title='bbox 2416 1709 2487 1755; x_wconf 93' lang='lat' dir='ltr'>se</span> <span class='ocrx_word' id='word_1_97' title='bbox 2559 1688 3100 1755; x_wconf 88' lang='lat' dir='ltr'>verisimillimum</span> 
     </span>
     <span class='ocr_line' id='line_1_14' title="bbox 639 1797 3103 1883; baseline -0.001 -20"><span class='ocrx_word' id='word_1_98' title='bbox 639 1799 914 1864; x_wconf 88' lang='lat' dir='ltr'>videtur.</span> <span class='ocrx_word' id='word_1_99' title='bbox 1005 1797 1212 1883; x_wconf 86' lang='lat' dir='ltr'>Adde,</span> <span class='ocrx_word' id='word_1_100' title='bbox 1271 1797 1443 1881; x_wconf 94' lang='lat' dir='ltr'>quod</span> <span class='ocrx_word' id='word_1_101' title='bbox 1500 1797 1676 1882; x_wconf 92' lang='lat' dir='ltr'>apud</span> <span class='ocrx_word' id='word_1_102' title='bbox 1730 1799 2059 1863; x_wconf 86' lang='lat' dir='ltr'>Romanos</span> <span class='ocrx_word' id='word_1_103' title='bbox 2118 1817 2372 1879; x_wconf 93' lang='lat' dir='ltr'>quoque</span> <span class='ocrx_word' id='word_1_104' title='bbox 2441 1797 2650 1862; x_wconf 91' lang='lat' dir='ltr'>simile</span> <span class='ocrx_word' id='word_1_105' title='bbox 2715 1805 2855 1861; x_wconf 92' lang='lat' dir='ltr'>erat</span> <span class='ocrx_word' id='word_1_106' title='bbox 2916 1798 3103 1862; x_wconf 85' lang='lat' dir='ltr'>insti-</span> 
     </span>
     <span class='ocr_line' id='line_1_15' title="bbox 640 1904 3101 1989; baseline -0.001 -19"><span class='ocrx_word' id='word_1_107' title='bbox 640 1905 969 1983; x_wconf 74' lang='lat' dir='ltr'>tutum“.²)</span> <span class='ocrx_word' id='word_1_108' title='bbox 1080 1904 1253 1983; x_wconf 84' lang='lat' dir='ltr'>„Sed</span> <span class='ocrx_word' id='word_1_109' title='bbox 1300 1905 1366 1969; x_wconf 90' lang='lat' dir='ltr'>in</span> <span class='ocrx_word' id='word_1_110' title='bbox 1431 1904 1837 1987; x_wconf 87' lang='lat' dir='ltr'>gravioribus</span> <span class='ocrx_word' id='word_1_111' title='bbox 1902 1904 2218 1988; x_wconf 89' lang='lat' dir='ltr'>delictis“,</span> <span class='ocrx_word' id='word_1_112' title='bbox 2273 1904 2486 1989; x_wconf 89' lang='lat' dir='ltr'>pergit</span> <span class='ocrx_word' id='word_1_113' title='bbox 2551 1904 2679 1989; x_wconf 92' lang='lat' dir='ltr'>ille,</span> <span class='ocrx_word' id='word_1_114' title='bbox 2737 1924 2945 1986; x_wconf 88' lang='lat' dir='ltr'>„quae</span> <span class='ocrx_word' id='word_1_115' title='bbox 3009 1904 3101 1968; x_wconf 92' lang='lat' dir='ltr'>ad</span> 
     </span>
     <span class='ocr_line' id='line_1_16' title="bbox 642 2009 3098 2096; baseline -0.001 -17"><span class='ocrx_word' id='word_1_116' title='bbox 642 2033 958 2079; x_wconf 88' lang='lat' dir='ltr'>summam</span> <span class='ocrx_word' id='word_1_117' title='bbox 1004 2012 1467 2095; x_wconf 90' lang='lat' dir='ltr'>rempublicam</span> <span class='ocrx_word' id='word_1_118' title='bbox 1511 2011 1924 2096; x_wconf 87' lang='lat' dir='ltr'>pertinerent,</span> <span class='ocrx_word' id='word_1_119' title='bbox 1974 2017 2040 2076; x_wconf 90' lang='lat' dir='ltr'>et</span> <span class='ocrx_word' id='word_1_120' title='bbox 2087 2017 2270 2076; x_wconf 86' lang='lat' dir='ltr'>extra</span> <span class='ocrx_word' id='word_1_121' title='bbox 2317 2009 2604 2075; x_wconf 88' lang='lat' dir='ltr'>ordinem</span> <span class='ocrx_word' id='word_1_122' title='bbox 2644 2011 3098 2095; x_wconf 81' lang='lat' dir='ltr'>persequenda</span> 
     </span>
     <span class='ocr_line' id='line_1_17' title="bbox 635 2116 3097 2203; baseline 0.001 -22"><span class='ocrx_word' id='word_1_123' title='bbox 635 2119 1033 2203; x_wconf 90' lang='lat' dir='ltr'>viderentur,</span> <span class='ocrx_word' id='word_1_124' title='bbox 1106 2117 1448 2201; x_wconf 78' lang='grc' dir='ltr'>εἰσαγγελία</span> <span class='ocrx_word' id='word_1_125' title='bbox 1522 2117 1607 2182; x_wconf 93' lang='lat' dir='ltr'>ad</span> <span class='ocrx_word' id='word_1_126' title='bbox 1672 2124 1967 2183; x_wconf 90' lang='lat' dir='ltr'>senatum</span> <span class='ocrx_word' id='word_1_127' title='bbox 2033 2117 2425 2202; x_wconf 88' lang='lat' dir='ltr'>populumve</span> <span class='ocrx_word' id='word_1_128' title='bbox 2438 2117 2487 2196; x_wconf 80' lang='lat'>³)</span> <span class='ocrx_word' id='word_1_129' title='bbox 2557 2116 3097 2201; x_wconf 77' lang='lat' dir='ltr'>deferebatur“.4)</span> 
     </span>
     <span class='ocr_line' id='line_1_18' title="bbox 640 2223 3097 2308; baseline 0 -18"><span class='ocrx_word' id='word_1_130' title='bbox 640 2224 850 2302; x_wconf 84' lang='lat' dir='ltr'>Quam</span> <span class='ocrx_word' id='word_1_131' title='bbox 914 2226 1300 2291; x_wconf 87' lang='lat' dir='ltr'>sententiam</span> <span class='ocrx_word' id='word_1_132' title='bbox 1364 2225 1628 2290; x_wconf 87' lang='lat' dir='ltr'>Platner</span> <span class='ocrx_word' id='word_1_133' title='bbox 1695 2225 1940 2308; x_wconf 83' lang='lat' dir='ltr'>[„Proc.</span> <span class='ocrx_word' id='word_1_134' title='bbox 2007 2223 2138 2289; x_wconf 90' lang='lat' dir='ltr'>und</span> <span class='ocrx_word' id='word_1_135' title='bbox 2211 2224 2470 2307; x_wconf 90' lang='lat' dir='ltr'>Klagen</span> <span class='ocrx_word' id='word_1_136' title='bbox 2541 2225 2647 2289; x_wconf 91' lang='lat' dir='ltr'>bei</span> <span class='ocrx_word' id='word_1_137' title='bbox 2712 2224 2772 2291; x_wconf 90' lang='lat' dir='ltr'>d.</span> <span class='ocrx_word' id='word_1_138' title='bbox 2840 2226 3010 2290; x_wconf 89' lang='lat' dir='ltr'>Att.“</span> <span class='ocrx_word' id='word_1_139' title='bbox 3064 2226 3097 2289; x_wconf 88' lang='grc' dir='ltr'><strong>Ι</strong></span> 
     </span>
     <span class='ocr_line' id='line_1_19' title="bbox 639 2331 3100 2416; baseline 0 -19"><span class='ocrx_word' id='word_1_140' title='bbox 639 2334 770 2397; x_wconf 83' lang='grc'>332</span> <span class='ocrx_word' id='word_1_141' title='bbox 847 2332 1005 2415; x_wconf 75' lang='lat' dir='ltr'>sqq]</span> <span class='ocrx_word' id='word_1_142' title='bbox 1089 2331 1433 2416; x_wconf 87' lang='lat' dir='ltr'>refutabat,</span> <span class='ocrx_word' id='word_1_143' title='bbox 1526 2332 1630 2396; x_wconf 90' lang='lat' dir='ltr'>cui</span> <span class='ocrx_word' id='word_1_144' title='bbox 1713 2351 1835 2414; x_wconf 93' lang='lat' dir='ltr'>ego</span> <span class='ocrx_word' id='word_1_145' title='bbox 1927 2351 2180 2413; x_wconf 91' lang='lat' dir='ltr'>quoque</span> <span class='ocrx_word' id='word_1_146' title='bbox 2270 2331 2610 2415; x_wconf 87' lang='lat' dir='ltr'>assentiar,</span> <span class='ocrx_word' id='word_1_147' title='bbox 2697 2332 2750 2397; x_wconf 90' lang='lat' dir='ltr'>si</span> <span class='ocrx_word' id='word_1_148' title='bbox 2836 2331 3100 2414; x_wconf 92' lang='lat' dir='ltr'>quidem</span> 
     </span>
     <span class='ocr_line' id='line_1_20' title="bbox 642 2437 3099 2522; baseline 0.001 -19"><span class='ocrx_word' id='word_1_149' title='bbox 642 2437 1049 2504; x_wconf 85' lang='lat' dir='ltr'>Schoemann</span> <span class='ocrx_word' id='word_1_150' title='bbox 1111 2439 1361 2504; x_wconf 86' lang='lat' dir='ltr'>verbis:</span> <span class='ocrx_word' id='word_1_151' title='bbox 1432 2438 1599 2516; x_wconf 88' lang='lat' dir='ltr'>„nisi</span> <span class='ocrx_word' id='word_1_152' title='bbox 1663 2458 1804 2503; x_wconf 94' lang='lat' dir='ltr'>cum</span> <span class='ocrx_word' id='word_1_153' title='bbox 1869 2438 2094 2522; x_wconf 92' lang='lat' dir='ltr'>populi</span> <span class='ocrx_word' id='word_1_154' title='bbox 2159 2437 2393 2504; x_wconf 84' lang='lat' dir='ltr'>venia“</span> <span class='ocrx_word' id='word_1_155' title='bbox 2452 2437 2658 2503; x_wconf 79' lang='grc' dir='ltr'>ἄδειαν</span> <span class='ocrx_word' id='word_1_156' title='bbox 2725 2438 3099 2522; x_wconf 90' lang='lat' dir='ltr'>significare</span> 
     </span>
     <span class='ocr_line' id='line_1_21' title="bbox 637 2544 3095 2634; baseline 0.001 -26"><span class='ocrx_word' id='word_1_157' title='bbox 637 2545 931 2611; x_wconf 89' lang='lat' dir='ltr'>voluerit.</span> <span class='ocrx_word' id='word_1_158' title='bbox 991 2545 1278 2634; x_wconf 22' lang='lat' dir='ltr'>‘Etenim</span> <span class='ocrx_word' id='word_1_159' title='bbox 1336 2545 1758 2628; x_wconf 87' lang='lat' dir='ltr'>magistratus</span> <span class='ocrx_word' id='word_1_160' title='bbox 1806 2544 2298 2611; x_wconf 90' lang='lat' dir='ltr'>Atheniensium</span> <span class='ocrx_word' id='word_1_161' title='bbox 2353 2546 2492 2610; x_wconf 89' lang='lat' dir='ltr'>iure</span> <span class='ocrx_word' id='word_1_162' title='bbox 2547 2545 2763 2611; x_wconf 92' lang='lat' dir='ltr'>Attico</span> <span class='ocrx_word' id='word_1_163' title='bbox 2818 2546 3095 2611; x_wconf 90' lang='lat' dir='ltr'>ministri</span> 
     </span>
     <span class='ocr_line' id='line_1_22' title="bbox 637 2651 3099 2740; baseline 0.001 -24"><span class='ocrx_word' id='word_1_164' title='bbox 637 2659 887 2718; x_wconf 90' lang='lat' dir='ltr'>tantum</span> <span class='ocrx_word' id='word_1_165' title='bbox 941 2653 1036 2717; x_wconf 89' lang='lat' dir='ltr'>rei</span> <span class='ocrx_word' id='word_1_166' title='bbox 1102 2652 1404 2737; x_wconf 91' lang='lat' dir='ltr'>publicae</span> <span class='ocrx_word' id='word_1_167' title='bbox 1467 2652 1570 2716; x_wconf 90' lang='lat' dir='ltr'>vel</span> <span class='ocrx_word' id='word_1_168' title='bbox 1625 2652 1851 2737; x_wconf 92' lang='lat' dir='ltr'>populi</span> <span class='ocrx_word' id='word_1_169' title='bbox 1908 2651 2140 2735; x_wconf 84' lang='lat' dir='ltr'>sunt,⁵)</span> <span class='ocrx_word' id='word_1_170' title='bbox 2189 2652 2298 2735; x_wconf 90' lang='lat' dir='ltr'>qui</span> <span class='ocrx_word' id='word_1_171' title='bbox 2344 2652 2488 2737; x_wconf 91' lang='lat' dir='ltr'>ipse</span> <span class='ocrx_word' id='word_1_172' title='bbox 2546 2653 2723 2718; x_wconf 91' lang='lat' dir='ltr'>solus</span> <span class='ocrx_word' id='word_1_173' title='bbox 2771 2658 2842 2718; x_wconf 84' lang='grc' dir='ltr'>τὸ</span> <span class='ocrx_word' id='word_1_174' title='bbox 2896 2658 3099 2740; x_wconf 77' lang='grc' dir='ltr'>κὺριον</span> 
     </span>
     <span class='ocr_line' id='line_1_23' title="bbox 635 2758 3104 2847; baseline 0 -23"><span class='ocrx_word' id='word_1_175' title='bbox 635 2767 831 2845; x_wconf 90' lang='lat' dir='ltr'>tenet,</span> <span class='ocrx_word' id='word_1_176' title='bbox 863 2779 1062 2844; x_wconf 89' lang='lat' dir='ltr'>quare</span> <span class='ocrx_word' id='word_1_177' title='bbox 1090 2758 1475 2826; x_wconf 91' lang='lat' dir='ltr'>Aristoteles</span> <span class='ocrx_word' id='word_1_178' title='bbox 1517 2760 1675 2842; x_wconf 92' lang='lat' dir='ltr'>[Pol.</span> <span class='ocrx_word' id='word_1_179' title='bbox 1696 2760 1786 2823; x_wconf 93' lang='lat' dir='ltr'>VI</span> <span class='ocrx_word' id='word_1_180' title='bbox 1808 2762 1847 2824; x_wconf 81' lang='lat'><strong>2</strong></span> <span class='ocrx_word' id='word_1_181' title='bbox 1872 2780 1934 2843; x_wconf 89' lang='lat' dir='ltr'>p.</span> <span class='ocrx_word' id='word_1_182' title='bbox 1963 2762 2130 2825; x_wconf 84' lang='lat'>1317</span> <span class='ocrx_word' id='word_1_183' title='bbox 2157 2759 2221 2842; x_wconf 91' lang='lat' dir='ltr'>b]</span> <span class='ocrx_word' id='word_1_184' title='bbox 2250 2759 2492 2844; x_wconf 90' lang='lat' dir='ltr'>optimo</span> <span class='ocrx_word' id='word_1_185' title='bbox 2513 2759 2651 2824; x_wconf 90' lang='lat' dir='ltr'>iure</span> <span class='ocrx_word' id='word_1_186' title='bbox 2673 2758 2856 2825; x_wconf 89' lang='lat' dir='ltr'>dicit:</span> <span class='ocrx_word' id='word_1_187' title='bbox 2897 2766 2965 2825; x_wconf 88' lang='grc' dir='ltr'>τὸ</span> <span class='ocrx_word' id='word_1_188' title='bbox 2986 2766 3104 2847; x_wconf 84' lang='grc' dir='ltr'>τὴν</span> 
     </span>
     <span class='ocr_line' id='line_1_24' title="bbox 637 2866 3105 2954; baseline 0.001 -23"><span class='ocrx_word' id='word_1_189' title='bbox 637 2867 961 2954; x_wconf 78' lang='grc' dir='ltr'>ἐκκλησίαν</span> <span class='ocrx_word' id='word_1_190' title='bbox 1005 2873 1213 2952; x_wconf 77' lang='grc' dir='ltr'>κυρίαν</span> <span class='ocrx_word' id='word_1_191' title='bbox 1262 2866 1409 2931; x_wconf 84' lang='grc' dir='ltr'>εἶναι</span> <span class='ocrx_word' id='word_1_192' title='bbox 1451 2871 1699 2945; x_wconf 82' lang='grc' dir='ltr'>πάντων,</span> <span class='ocrx_word' id='word_1_193' title='bbox 1750 2866 1946 2952; x_wconf 81' lang='grc' dir='ltr'>ἀρχὴν</span> <span class='ocrx_word' id='word_1_194' title='bbox 1992 2868 2054 2930; x_wconf 86' lang='grc' dir='ltr'>δὲ</span> <span class='ocrx_word' id='word_1_195' title='bbox 2099 2867 2396 2953; x_wconf 80' lang='grc' dir='ltr'>μηδεμίαν</span> <span class='ocrx_word' id='word_1_196' title='bbox 2443 2869 2701 2952; x_wconf 81' lang='grc' dir='ltr'>μηδενὸς</span> <span class='ocrx_word' id='word_1_197' title='bbox 2746 2866 2784 2953; x_wconf 89' lang='grc' dir='ltr'>ἢ</span> <span class='ocrx_word' id='word_1_198' title='bbox 2832 2866 2925 2933; x_wconf 77' lang='grc' dir='ltr'>ὅτι</span> <span class='ocrx_word' id='word_1_199' title='bbox 2968 2866 3105 2933; x_wconf 80' lang='grc' dir='ltr'>ὀλι-</span> 
     </span>
     <span class='ocr_line' id='line_1_25' title="bbox 639 2973 3095 3060; baseline 0.001 -22"><span class='ocrx_word' id='word_1_200' title='bbox 639 2975 858 3057; x_wconf 79' lang='grc' dir='ltr'>γίστων</span> <span class='ocrx_word' id='word_1_201' title='bbox 905 2973 945 3060; x_wconf 87' lang='grc' dir='ltr'>ἢ</span> <span class='ocrx_word' id='word_1_202' title='bbox 991 2987 1107 3039; x_wconf 85' lang='grc' dir='ltr'>τῶν</span> <span class='ocrx_word' id='word_1_203' title='bbox 1154 2979 1441 3059; x_wconf 81' lang='grc' dir='ltr'>μεγίστων</span> <span class='ocrx_word' id='word_1_204' title='bbox 1495 2974 1733 3058; x_wconf 78' lang='grc' dir='ltr'>κυρίαν.</span> <span class='ocrx_word' id='word_1_205' title='bbox 1765 3025 1823 3039; x_wconf 92' lang='grc'>..</span> <span class='ocrx_word' id='word_1_206' title='bbox 1896 2980 1960 3038; x_wconf 90' lang='lat' dir='ltr'>et</span> <span class='ocrx_word' id='word_1_207' title='bbox 2012 2973 2488 3039; x_wconf 84' lang='lat' dir='ltr'>Demosthenes</span> <span class='ocrx_word' id='word_1_208' title='bbox 2546 2981 2762 3039; x_wconf 84' lang='lat' dir='ltr'>orator</span> <span class='ocrx_word' id='word_1_209' title='bbox 2819 2974 2936 3058; x_wconf 92' lang='grc' dir='ltr'><strong>[ΙΙΙ</strong></span> <span class='ocrx_word' id='word_1_210' title='bbox 2983 2975 3095 3058; x_wconf 83' lang='grc'>30]</span> 
     </span>
    </p>
   </div>
   <div class='ocr_carea' id='block_1_4' title="bbox 834 3150 1989 3221">
    <p class='ocr_par' dir='ltr' id='par_1_5' title="bbox 834 3150 1989 3221">
     <span class='ocr_line' id='line_1_26' title="bbox 834 3150 1989 3221; baseline 0 -16"><span class='ocrx_word' id='word_1_211' title='bbox 834 3150 871 3218; x_wconf 83' lang='grc' dir='ltr'>ι)</span> <span class='ocrx_word' id='word_1_212' title='bbox 911 3151 990 3205; x_wconf 80' lang='lat' dir='ltr'>Of.</span> <span class='ocrx_word' id='word_1_213' title='bbox 1030 3152 1397 3206; x_wconf 87' lang='lat' dir='ltr'>Schoemann:</span> <span class='ocrx_word' id='word_1_214' title='bbox 1443 3151 1732 3219; x_wconf 61' lang='lat' dir='ltr'>»Antiqus</span> <span class='ocrx_word' id='word_1_215' title='bbox 1774 3169 1830 3221; x_wconf 88' lang='lat' dir='ltr'>p.</span> <span class='ocrx_word' id='word_1_216' title='bbox 1868 3153 1989 3206; x_wconf 83' lang='lat'>232.</span> 
     </span>
    </p>
   </div>
   <div class='ocr_carea' id='block_1_5' title="bbox 634 3256 3103 3773">
    <p class='ocr_par' dir='ltr' id='par_1_6' title="bbox 634 3256 3103 3773">
     <span class='ocr_line' id='line_1_27' title="bbox 823 3256 3101 3331; baseline 0.002 -20"><span class='ocrx_word' id='word_1_217' title='bbox 823 3256 864 3325; x_wconf 81' lang='lat'>²)</span> <span class='ocrx_word' id='word_1_218' title='bbox 902 3257 1055 3312; x_wconf 89' lang='lat' dir='ltr'>Idem</span> <span class='ocrx_word' id='word_1_219' title='bbox 1102 3257 1283 3312; x_wconf 86' lang='lat' dir='ltr'>valuit</span> <span class='ocrx_word' id='word_1_220' title='bbox 1321 3258 1469 3327; x_wconf 90' lang='lat' dir='ltr'>apud</span> <span class='ocrx_word' id='word_1_221' title='bbox 1504 3257 1986 3324; x_wconf 87' lang='lat' dir='ltr'>Lacedaemonios,</span> <span class='ocrx_word' id='word_1_222' title='bbox 2036 3277 2269 3326; x_wconf 90' lang='lat' dir='ltr'>quorum</span> <span class='ocrx_word' id='word_1_223' title='bbox 2307 3276 2546 3314; x_wconf 84' lang='lat' dir='ltr'>summos</span> <span class='ocrx_word' id='word_1_224' title='bbox 2583 3260 2945 3329; x_wconf 77' lang='lat' dir='ltr'>magistratus</span> <span class='ocrx_word' id='word_1_225' title='bbox 2983 3259 3101 3331; x_wconf 74' lang='grc' dir='ltr'>(ἐφ-</span> 
     </span>
     <span class='ocr_line' id='line_1_28' title="bbox 641 3346 3101 3421; baseline 0.004 -25"><span class='ocrx_word' id='word_1_226' title='bbox 641 3346 807 3416; x_wconf 86' lang='grc' dir='ltr'>ὀρους)</span> <span class='ocrx_word' id='word_1_227' title='bbox 845 3350 970 3416; x_wconf 88' lang='lat' dir='ltr'>post</span> <span class='ocrx_word' id='word_1_228' title='bbox 1008 3346 1321 3401; x_wconf 86' lang='lat' dir='ltr'>absolutum</span> <span class='ocrx_word' id='word_1_229' title='bbox 1359 3347 1578 3400; x_wconf 89' lang='lat' dir='ltr'>demum</span> <span class='ocrx_word' id='word_1_230' title='bbox 1615 3366 1816 3401; x_wconf 88' lang='lat' dir='ltr'>munus</span> <span class='ocrx_word' id='word_1_231' title='bbox 1853 3347 1911 3400; x_wconf 88' lang='lat' dir='ltr'>in</span> <span class='ocrx_word' id='word_1_232' title='bbox 1958 3348 2044 3402; x_wconf 93' lang='lat' dir='ltr'>ius</span> <span class='ocrx_word' id='word_1_233' title='bbox 2079 3366 2273 3403; x_wconf 86' lang='lat' dir='ltr'>vocare</span> <span class='ocrx_word' id='word_1_234' title='bbox 2308 3349 2487 3403; x_wconf 91' lang='lat' dir='ltr'>licuit.</span> <span class='ocrx_word' id='word_1_235' title='bbox 2560 3349 2748 3404; x_wconf 87' lang='lat' dir='ltr'>Etiam</span> <span class='ocrx_word' id='word_1_236' title='bbox 2783 3351 3101 3421; x_wconf 84' lang='lat' dir='ltr'>religiosius</span> 
     </span>
     <span class='ocr_line' id='line_1_29' title="bbox 638 3436 3103 3506; baseline 0.002 -16"><span class='ocrx_word' id='word_1_237' title='bbox 638 3437 921 3490; x_wconf 77' lang='lat' dir='ltr'>Cretenses</span> <span class='ocrx_word' id='word_1_238' title='bbox 979 3436 1368 3490; x_wconf 88' lang='lat' dir='ltr'>auctoritatem</span> <span class='ocrx_word' id='word_1_239' title='bbox 1422 3454 1759 3490; x_wconf 86' lang='lat' dir='ltr'>summorum</span> <span class='ocrx_word' id='word_1_240' title='bbox 1820 3436 2254 3506; x_wconf 82' lang='lat' dir='ltr'>magistratuum</span> <span class='ocrx_word' id='word_1_241' title='bbox 2303 3439 2633 3493; x_wconf 87' lang='lat' dir='ltr'>tuebantur:</span> <span class='ocrx_word' id='word_1_242' title='bbox 2679 3457 2810 3494; x_wconf 85' lang='lat' dir='ltr'>nam</span> <span class='ocrx_word' id='word_1_243' title='bbox 2858 3457 2925 3494; x_wconf 84' lang='lat' dir='ltr'>ex</span> <span class='ocrx_word' id='word_1_244' title='bbox 2970 3440 3103 3506; x_wconf 84' lang='lat' dir='ltr'>lege</span> 
     </span>
     <span class='ocr_line' id='line_1_30' title="bbox 634 3524 3099 3599; baseline 0.002 -20"><span class='ocrx_word' id='word_1_245' title='bbox 634 3526 738 3579; x_wconf 92' lang='lat' dir='ltr'>illa</span> <span class='ocrx_word' id='word_1_246' title='bbox 777 3524 1169 3593; x_wconf 82' lang='lat' dir='ltr'>Gortyniorum</span> <span class='ocrx_word' id='word_1_247' title='bbox 1206 3542 1383 3593; x_wconf 91' lang='lat' dir='ltr'>nuper</span> <span class='ocrx_word' id='word_1_248' title='bbox 1419 3524 1637 3579; x_wconf 85' lang='lat' dir='ltr'>detecta</span> <span class='ocrx_word' id='word_1_249' title='bbox 1687 3526 1739 3590; x_wconf 92' lang='lat' dir='ltr'>(I</span> <span class='ocrx_word' id='word_1_250' title='bbox 1784 3526 2018 3593; x_wconf 82' lang='lat'>50—54)</span> <span class='ocrx_word' id='word_1_251' title='bbox 2060 3525 2148 3593; x_wconf 84' lang='lat' dir='ltr'>[cf.</span> <span class='ocrx_word' id='word_1_252' title='bbox 2196 3527 2267 3580; x_wconf 91' lang='lat' dir='ltr'>N.</span> <span class='ocrx_word' id='word_1_253' title='bbox 2322 3527 2519 3581; x_wconf 85' lang='lat' dir='ltr'>Rhein.</span> <span class='ocrx_word' id='word_1_254' title='bbox 2574 3528 2713 3583; x_wconf 88' lang='lat' dir='ltr'>Mus.</span> <span class='ocrx_word' id='word_1_255' title='bbox 2771 3529 2866 3582; x_wconf 90' lang='lat' dir='ltr'>XL</span> <span class='ocrx_word' id='word_1_256' title='bbox 2915 3531 3099 3599; x_wconf 81' lang='lat' dir='ltr'>suppl.</span> 
     </span>
     <span class='ocr_line' id='line_1_31' title="bbox 634 3613 3097 3687; baseline 0.002 -19"><span class='ocrx_word' id='word_1_257' title='bbox 634 3632 688 3682; x_wconf 93' lang='lat' dir='ltr'>p.</span> <span class='ocrx_word' id='word_1_258' title='bbox 729 3614 813 3678; x_wconf 90' lang='lat'>97,</span> <span class='ocrx_word' id='word_1_259' title='bbox 858 3613 908 3681; x_wconf 89' lang='grc'>1]</span> <span class='ocrx_word' id='word_1_260' title='bbox 949 3631 1075 3668; x_wconf 89' lang='lat' dir='ltr'>cum</span> <span class='ocrx_word' id='word_1_261' title='bbox 1112 3631 1306 3679; x_wconf 91' lang='lat' dir='ltr'>cosmo,</span> <span class='ocrx_word' id='word_1_262' title='bbox 1347 3613 1461 3668; x_wconf 87' lang='lat' dir='ltr'>sive</span> <span class='ocrx_word' id='word_1_263' title='bbox 1497 3614 1612 3668; x_wconf 90' lang='lat' dir='ltr'>eius</span> <span class='ocrx_word' id='word_1_264' title='bbox 1650 3632 1837 3669; x_wconf 85' lang='lat' dir='ltr'>servus</span> <span class='ocrx_word' id='word_1_265' title='bbox 1875 3615 1944 3669; x_wconf 88' lang='lat' dir='ltr'>ab</span> <span class='ocrx_word' id='word_1_266' title='bbox 1983 3615 2095 3670; x_wconf 85' lang='lat' dir='ltr'>alio</span> <span class='ocrx_word' id='word_1_267' title='bbox 2130 3615 2534 3681; x_wconf 84' lang='lat' dir='ltr'>vindicabatur,</span> <span class='ocrx_word' id='word_1_268' title='bbox 2572 3618 2688 3672; x_wconf 89' lang='lat' dir='ltr'>sive</span> <span class='ocrx_word' id='word_1_269' title='bbox 2723 3618 2841 3687; x_wconf 88' lang='lat' dir='ltr'>ipse</span> <span class='ocrx_word' id='word_1_270' title='bbox 2875 3636 3097 3673; x_wconf 74' lang='lat' dir='ltr'>servum</span> 
     </span>
     <span class='ocr_line' id='line_1_32' title="bbox 634 3702 3094 3773; baseline 0.003 -17"><span class='ocrx_word' id='word_1_271' title='bbox 634 3702 1015 3757; x_wconf 84' lang='lat' dir='ltr'>vindicaturus</span> <span class='ocrx_word' id='word_1_272' title='bbox 1044 3706 1179 3767; x_wconf 85' lang='lat' dir='ltr'>erat,</span> <span class='ocrx_word' id='word_1_273' title='bbox 1209 3720 1320 3757; x_wconf 90' lang='lat' dir='ltr'>non</span> <span class='ocrx_word' id='word_1_274' title='bbox 1346 3703 1498 3772; x_wconf 90' lang='lat' dir='ltr'>prius</span> <span class='ocrx_word' id='word_1_275' title='bbox 1527 3720 1689 3773; x_wconf 81' lang='lat' dir='ltr'>agere</span> <span class='ocrx_word' id='word_1_276' title='bbox 1725 3703 1902 3768; x_wconf 88' lang='lat' dir='ltr'>licuit,</span> <span class='ocrx_word' id='word_1_277' title='bbox 1935 3721 2103 3772; x_wconf 81' lang='lat' dir='ltr'>quam</span> <span class='ocrx_word' id='word_1_278' title='bbox 2132 3722 2343 3759; x_wconf 89' lang='lat' dir='ltr'>cosmus</span> <span class='ocrx_word' id='word_1_279' title='bbox 2371 3724 2597 3762; x_wconf 89' lang='lat' dir='ltr'>munere</span> <span class='ocrx_word' id='word_1_280' title='bbox 2625 3724 2681 3762; x_wconf 91' lang='lat' dir='ltr'>se</span> <span class='ocrx_word' id='word_1_281' title='bbox 2710 3707 3094 3763; x_wconf 85' lang='lat' dir='ltr'>abdicavisset.</span> 
     </span>
    </p>
   </div>
   <div class='ocr_carea' id='block_1_6' title="bbox 820 3807 2153 3879">
    <p class='ocr_par' dir='ltr' id='par_1_7' title="bbox 820 3807 2153 3879">
     <span class='ocr_line' id='line_1_33' title="bbox 820 3807 2153 3879; baseline 0.002 -16"><span class='ocrx_word' id='word_1_282' title='bbox 820 3807 861 3874; x_wconf 77' lang='lat'>³)</span> <span class='ocrx_word' id='word_1_283' title='bbox 901 3810 968 3863; x_wconf 90' lang='lat' dir='ltr'>cf.</span> <span class='ocrx_word' id='word_1_284' title='bbox 1008 3809 1074 3864; x_wconf 91' lang='lat' dir='ltr'>de</span> <span class='ocrx_word' id='word_1_285' title='bbox 1110 3809 1217 3864; x_wconf 89' lang='lat' dir='ltr'>hac</span> <span class='ocrx_word' id='word_1_286' title='bbox 1252 3826 1311 3863; x_wconf 92' lang='lat' dir='ltr'>re</span> <span class='ocrx_word' id='word_1_287' title='bbox 1348 3810 1540 3863; x_wconf 92' lang='lat' dir='ltr'>Busolt</span> <span class='ocrx_word' id='word_1_288' title='bbox 1577 3810 1613 3863; x_wconf 94' lang='grc'>1.</span> <span class='ocrx_word' id='word_1_289' title='bbox 1651 3811 1688 3864; x_wconf 95' lang='grc'>1.</span> <span class='ocrx_word' id='word_1_290' title='bbox 1727 3808 1759 3878; x_wconf 68' lang='grc' dir='ltr'><strong>ἓ</strong></span> <span class='ocrx_word' id='word_1_291' title='bbox 1801 3811 1900 3865; x_wconf 87' lang='grc'>185</span> <span class='ocrx_word' id='word_1_292' title='bbox 1938 3829 1992 3879; x_wconf 91' lang='lat' dir='ltr'>p.</span> <span class='ocrx_word' id='word_1_293' title='bbox 2035 3812 2153 3865; x_wconf 84' lang='lat'>167.</span> 
     </span>
    </p>
   </div>
   <div class='ocr_carea' id='block_1_7' title="bbox 630 3916 3101 4788">
    <p class='ocr_par' dir='ltr' id='par_1_8' title="bbox 630 3916 3101 4684">
     <span class='ocr_line' id='line_1_34' title="bbox 818 3916 3100 3991; baseline 0 -21"><span class='ocrx_word' id='word_1_294' title='bbox 818 3916 860 3983; x_wconf 88' lang='lat'>⁴)</span> <span class='ocrx_word' id='word_1_295' title='bbox 899 3918 1023 3971; x_wconf 91' lang='lat' dir='ltr'>Huc</span> <span class='ocrx_word' id='word_1_296' title='bbox 1057 3916 1371 3971; x_wconf 87' lang='lat' dir='ltr'>referendus</span> <span class='ocrx_word' id='word_1_297' title='bbox 1408 3917 1550 3970; x_wconf 82' lang='lat' dir='ltr'>mihi</span> <span class='ocrx_word' id='word_1_298' title='bbox 1588 3917 1810 3972; x_wconf 86' lang='lat' dir='ltr'>videtur</span> <span class='ocrx_word' id='word_1_299' title='bbox 1854 3918 2004 3972; x_wconf 89' lang='lat' dir='ltr'>locus</span> <span class='ocrx_word' id='word_1_300' title='bbox 2052 3918 2201 3986; x_wconf 86' lang='lat' dir='ltr'>apud</span> <span class='ocrx_word' id='word_1_301' title='bbox 2245 3919 2369 3987; x_wconf 85' lang='lat' dir='ltr'>Lys.</span> <span class='ocrx_word' id='word_1_302' title='bbox 2417 3920 2549 3973; x_wconf 87' lang='lat' dir='ltr'><strong>XIII</strong></span> <span class='ocrx_word' id='word_1_303' title='bbox 2595 3920 2690 3973; x_wconf 84' lang='lat'>32:</span> <span class='ocrx_word' id='word_1_304' title='bbox 2739 3916 2910 3990; x_wconf 78' lang='grc' dir='ltr'>ἐπειδὴ</span> <span class='ocrx_word' id='word_1_305' title='bbox 2956 3918 3006 3971; x_wconf 83' lang='grc' dir='ltr'>δὲ</span> <span class='ocrx_word' id='word_1_306' title='bbox 3053 3919 3100 3991; x_wconf 78' lang='grc' dir='ltr'>ἡ</span> 
     </span>
     <span class='ocr_line' id='line_1_35' title="bbox 634 4002 3099 4078; baseline 0.002 -22"><span class='ocrx_word' id='word_1_307' title='bbox 634 4003 883 4076; x_wconf 77' lang='grc' dir='ltr'>ἐκκλησία</span> <span class='ocrx_word' id='word_1_308' title='bbox 911 4002 1241 4074; x_wconf 80' lang='grc' dir='ltr'>Μουνιχίασιν</span> <span class='ocrx_word' id='word_1_309' title='bbox 1270 4002 1320 4055; x_wconf 76' lang='grc' dir='ltr'>ἐν</span> <span class='ocrx_word' id='word_1_310' title='bbox 1346 4011 1417 4074; x_wconf 79' lang='grc' dir='ltr'>τῷ</span> <span class='ocrx_word' id='word_1_311' title='bbox 1446 4004 1648 4075; x_wconf 76' lang='grc' dir='ltr'>θεάτρῳ</span> <span class='ocrx_word' id='word_1_312' title='bbox 1676 4003 1912 4075; x_wconf 78' lang='grc' dir='ltr'>ἐγίγνετο,</span> <span class='ocrx_word' id='word_1_313' title='bbox 1952 4004 2080 4057; x_wconf 74' lang='grc' dir='ltr'>οὕτω</span> <span class='ocrx_word' id='word_1_314' title='bbox 2110 4004 2297 4077; x_wconf 78' lang='grc' dir='ltr'>σφόδρα</span> <span class='ocrx_word' id='word_1_315' title='bbox 2333 4008 2455 4068; x_wconf 85' lang='grc' dir='ltr'>τινὲς</span> <span class='ocrx_word' id='word_1_316' title='bbox 2492 4005 2818 4078; x_wconf 75' lang='grc' dir='ltr'>ἐπεμελοῦντο</span> <span class='ocrx_word' id='word_1_317' title='bbox 2845 4006 2979 4070; x_wconf 80' lang='grc' dir='ltr'>ὅπως</span> <span class='ocrx_word' id='word_1_318' title='bbox 3007 4009 3099 4060; x_wconf 76' lang='grc' dir='ltr'>καὶ</span> 
     </span>
     <span class='ocr_line' id='line_1_36' title="bbox 634 4092 3097 4167; baseline 0.001 -23"><span class='ocrx_word' id='word_1_319' title='bbox 634 4093 685 4145; x_wconf 80' lang='grc' dir='ltr'>ὲν</span> <span class='ocrx_word' id='word_1_320' title='bbox 720 4100 790 4163; x_wconf 81' lang='grc' dir='ltr'>τῷ</span> <span class='ocrx_word' id='word_1_321' title='bbox 829 4092 980 4164; x_wconf 80' lang='grc' dir='ltr'>δήμῳ</span> <span class='ocrx_word' id='word_1_322' title='bbox 1017 4094 1126 4164; x_wconf 84' lang='grc' dir='ltr'>περὶ</span> <span class='ocrx_word' id='word_1_323' title='bbox 1162 4101 1260 4145; x_wconf 84' lang='grc' dir='ltr'>τῶν</span> <span class='ocrx_word' id='word_1_324' title='bbox 1299 4101 1595 4165; x_wconf 81' lang='grc' dir='ltr'>στρατηγῶν</span> <span class='ocrx_word' id='word_1_325' title='bbox 1630 4094 1717 4145; x_wconf 83' lang='grc' dir='ltr'>καὶ</span> <span class='ocrx_word' id='word_1_326' title='bbox 1766 4101 1867 4145; x_wconf 85' lang='grc' dir='ltr'>τῶν</span> <span class='ocrx_word' id='word_1_327' title='bbox 1911 4093 2196 4165; x_wconf 77' lang='grc' dir='ltr'>ταξιάρχων</span> <span class='ocrx_word' id='word_1_328' title='bbox 2243 4094 2456 4166; x_wconf 79' lang='grc' dir='ltr'>μήνυσις</span> <span class='ocrx_word' id='word_1_329' title='bbox 2500 4096 2689 4167; x_wconf 78' lang='grc' dir='ltr'>γένοιτο</span> <span class='ocrx_word' id='word_1_330' title='bbox 2732 4098 2865 4166; x_wconf 84' lang='grc' dir='ltr'>(περὶ</span> <span class='ocrx_word' id='word_1_331' title='bbox 2902 4095 2953 4149; x_wconf 84' lang='grc' dir='ltr'>δὲ</span> <span class='ocrx_word' id='word_1_332' title='bbox 2995 4104 3097 4149; x_wconf 84' lang='grc' dir='ltr'>τῶν</span> 
     </span>
     <span class='ocr_line' id='line_1_37' title="bbox 635 4180 3098 4255; baseline 0.004 -21"><span class='ocrx_word' id='word_1_333' title='bbox 635 4180 810 4234; x_wconf 85' lang='grc' dir='ltr'>ἄλλων</span> <span class='ocrx_word' id='word_1_334' title='bbox 845 4182 1048 4254; x_wconf 75' lang='grc' dir='ltr'>ἀπέχρη</span> <span class='ocrx_word' id='word_1_335' title='bbox 1085 4181 1137 4234; x_wconf 77' lang='grc' dir='ltr'>ἐν</span> <span class='ocrx_word' id='word_1_336' title='bbox 1171 4189 1237 4253; x_wconf 78' lang='grc' dir='ltr'>τῇ</span> <span class='ocrx_word' id='word_1_337' title='bbox 1273 4181 1435 4253; x_wconf 76' lang='grc' dir='ltr'>βουλῇ</span> <span class='ocrx_word' id='word_1_338' title='bbox 1470 4182 1601 4253; x_wconf 76' lang='grc' dir='ltr'>μόνῃ</span> <span class='ocrx_word' id='word_1_339' title='bbox 1627 4183 1982 4254; x_wconf 77' lang='grc' dir='ltr'>γεγενημένη).</span> <span class='ocrx_word' id='word_1_340' title='bbox 2040 4185 2129 4238; x_wconf 88' lang='lat' dir='ltr'>Ad</span> <span class='ocrx_word' id='word_1_341' title='bbox 2162 4186 2311 4240; x_wconf 88' lang='lat' dir='ltr'>hunc</span> <span class='ocrx_word' id='word_1_342' title='bbox 2346 4186 2527 4241; x_wconf 89' lang='lat' dir='ltr'>locum</span> <span class='ocrx_word' id='word_1_343' title='bbox 2555 4188 2965 4243; x_wconf 82' lang='lat' dir='ltr'>Rauchenstein</span> <span class='ocrx_word' id='word_1_344' title='bbox 2989 4185 3098 4255; x_wconf 84' lang='lat' dir='ltr'>[ed.</span> 
     </span>
     <span class='ocr_line' id='line_1_38' title="bbox 631 4271 3100 4343; baseline 0.001 -16"><span class='ocrx_word' id='word_1_345' title='bbox 631 4274 755 4343; x_wconf 80' lang='lat' dir='ltr'>Lys.</span> <span class='ocrx_word' id='word_1_346' title='bbox 795 4276 936 4327; x_wconf 80' lang='lat' dir='ltr'>orat.</span> <span class='ocrx_word' id='word_1_347' title='bbox 974 4271 1098 4327; x_wconf 80' lang='lat' dir='ltr'>sel.⁷</span> <span class='ocrx_word' id='word_1_348' title='bbox 1137 4273 1333 4341; x_wconf 89' lang='lat' dir='ltr'>(Berol.</span> <span class='ocrx_word' id='word_1_349' title='bbox 1379 4271 1559 4340; x_wconf 83' lang='grc'><strong>1876)]</strong></span> <span class='ocrx_word' id='word_1_350' title='bbox 1599 4273 1739 4327; x_wconf 86' lang='lat' dir='ltr'>haec</span> <span class='ocrx_word' id='word_1_351' title='bbox 1774 4273 2034 4328; x_wconf 86' lang='lat' dir='ltr'>adnotat:</span> <span class='ocrx_word' id='word_1_352' title='bbox 2079 4275 2295 4328; x_wconf 77' lang='lat' dir='ltr'>»Wenn</span> <span class='ocrx_word' id='word_1_353' title='bbox 2329 4274 2420 4328; x_wconf 77' lang='lat' dir='ltr'>fiir</span> <span class='ocrx_word' id='word_1_354' title='bbox 2467 4276 2557 4330; x_wconf 91' lang='lat' dir='ltr'>die</span> <span class='ocrx_word' id='word_1_355' title='bbox 2604 4276 2823 4331; x_wconf 88' lang='lat' dir='ltr'>Andern</span> <span class='ocrx_word' id='word_1_356' title='bbox 2863 4277 2953 4331; x_wconf 90' lang='lat' dir='ltr'>die</span> <span class='ocrx_word' id='word_1_357' title='bbox 2988 4295 3100 4330; x_wconf 86' lang='lat' dir='ltr'>nur</span> 
     </span>
     <span class='ocr_line' id='line_1_39' title="bbox 630 4361 3099 4436; baseline 0 -20"><span class='ocrx_word' id='word_1_358' title='bbox 630 4379 730 4416; x_wconf 86' lang='lat' dir='ltr'>vor</span> <span class='ocrx_word' id='word_1_359' title='bbox 758 4362 882 4416; x_wconf 91' lang='lat' dir='ltr'>dem</span> <span class='ocrx_word' id='word_1_360' title='bbox 910 4362 1022 4416; x_wconf 86' lang='lat' dir='ltr'>Rat</span> <span class='ocrx_word' id='word_1_361' title='bbox 1052 4362 1347 4431; x_wconf 85' lang='lat' dir='ltr'>gemachte</span> <span class='ocrx_word' id='word_1_362' title='bbox 1375 4361 1615 4431; x_wconf 88' lang='lat' dir='ltr'>Anzeige</span> <span class='ocrx_word' id='word_1_363' title='bbox 1642 4365 1904 4432; x_wconf 80' lang='lat' dir='ltr'>geniigte‚</span> <span class='ocrx_word' id='word_1_364' title='bbox 1943 4379 2001 4416; x_wconf 91' lang='lat' dir='ltr'>so</span> <span class='ocrx_word' id='word_1_365' title='bbox 2037 4362 2289 4418; x_wconf 87' lang='lat' dir='ltr'>bedurfte</span> <span class='ocrx_word' id='word_1_366' title='bbox 2328 4380 2382 4418; x_wconf 91' lang='lat' dir='ltr'>es</span> <span class='ocrx_word' id='word_1_367' title='bbox 2419 4364 2724 4420; x_wconf 86' lang='lat' dir='ltr'>hinwieder</span> <span class='ocrx_word' id='word_1_368' title='bbox 2759 4365 2855 4421; x_wconf 90' lang='lat' dir='ltr'>der</span> <span class='ocrx_word' id='word_1_369' title='bbox 2881 4364 3099 4436; x_wconf 80' lang='grc' dir='ltr'>μήνυσις</span> 
     </span>
     <span class='ocr_line' id='line_1_40' title="bbox 631 4448 3101 4520; baseline 0.003 -19"><span class='ocrx_word' id='word_1_370' title='bbox 631 4449 685 4502; x_wconf 80' lang='grc' dir='ltr'>ὲν</span> <span class='ocrx_word' id='word_1_371' title='bbox 728 4456 798 4519; x_wconf 82' lang='grc' dir='ltr'>τῷ</span> <span class='ocrx_word' id='word_1_372' title='bbox 847 4448 996 4520; x_wconf 75' lang='grc' dir='ltr'>δήμῳ</span> <span class='ocrx_word' id='word_1_373' title='bbox 1042 4450 1132 4505; x_wconf 91' lang='lat' dir='ltr'>bei</span> <span class='ocrx_word' id='word_1_374' title='bbox 1178 4449 1564 4520; x_wconf 83' lang='lat' dir='ltr'>Magistraten,</span> <span class='ocrx_word' id='word_1_375' title='bbox 1604 4450 1763 4505; x_wconf 86' lang='lat' dir='ltr'>weil</span> <span class='ocrx_word' id='word_1_376' title='bbox 1820 4451 2004 4506; x_wconf 87' lang='lat' dir='ltr'>diese</span> <span class='ocrx_word' id='word_1_377' title='bbox 2058 4452 2230 4507; x_wconf 91' lang='lat' dir='ltr'>ohne</span> <span class='ocrx_word' id='word_1_378' title='bbox 2281 4453 2847 4508; x_wconf 89' lang='lat' dir='ltr'>Volksbeschluss</span> <span class='ocrx_word' id='word_1_379' title='bbox 2901 4455 3101 4509; x_wconf 79' lang='lat' dir='ltr'>nicht.</span> 
     </span>
     <span class='ocr_line' id='line_1_41' title="bbox 631 4539 3096 4613; baseline 0.002 -19"><span class='ocrx_word' id='word_1_380' title='bbox 631 4540 908 4594; x_wconf 88' lang='lat' dir='ltr'>durften</span> <span class='ocrx_word' id='word_1_381' title='bbox 954 4539 1354 4609; x_wconf 66' lang='lat' dir='ltr'>gesanglich</span> <span class='ocrx_word' id='word_1_382' title='bbox 1402 4539 1824 4609; x_wconf 87' lang='lat' dir='ltr'>eingezogen</span> <span class='ocrx_word' id='word_1_383' title='bbox 1863 4542 2186 4606; x_wconf 82' lang='lat' dir='ltr'>werden«;</span> <span class='ocrx_word' id='word_1_384' title='bbox 2235 4542 2300 4597; x_wconf 87' lang='lat' dir='ltr'>cf.</span> <span class='ocrx_word' id='word_1_385' title='bbox 2341 4542 2513 4597; x_wconf 88' lang='lat' dir='ltr'>etiam</span> <span class='ocrx_word' id='word_1_386' title='bbox 2559 4542 2919 4613; x_wconf 86' lang='lat' dir='ltr'>Frohbergeri</span> <span class='ocrx_word' id='word_1_387' title='bbox 2965 4543 3096 4599; x_wconf 87' lang='lat' dir='ltr'>adn.</span> 
     </span>
     <span class='ocr_line' id='line_1_42' title="bbox 631 4629 869 4684; baseline -0.008 0"><span class='ocrx_word' id='word_1_388' title='bbox 631 4629 705 4684; x_wconf 80' lang='lat' dir='ltr'>ad</span> <span class='ocrx_word' id='word_1_389' title='bbox 739 4630 793 4682; x_wconf 89' lang='lat' dir='ltr'>h.</span> <span class='ocrx_word' id='word_1_390' title='bbox 832 4629 869 4682; x_wconf 95' lang='grc'>1.</span> 
     </span>
    </p>

    <p class='ocr_par' dir='ltr' id='par_1_9' title="bbox 816 4717 2481 4788">
     <span class='ocr_line' id='line_1_43' title="bbox 816 4717 2481 4788; baseline 0.001 -16"><span class='ocrx_word' id='word_1_391' title='bbox 816 4717 859 4785; x_wconf 77' lang='lat'>⁵)</span> <span class='ocrx_word' id='word_1_392' title='bbox 900 4717 966 4772; x_wconf 88' lang='lat' dir='ltr'>cf.</span> <span class='ocrx_word' id='word_1_393' title='bbox 1004 4718 1220 4772; x_wconf 86' lang='lat' dir='ltr'>Perrot:</span> <span class='ocrx_word' id='word_1_394' title='bbox 1265 4718 1348 4773; x_wconf 76' lang='lat' dir='ltr'>»Ie</span> <span class='ocrx_word' id='word_1_395' title='bbox 1385 4717 1532 4772; x_wconf 92' lang='lat' dir='ltr'>droit</span> <span class='ocrx_word' id='word_1_396' title='bbox 1567 4718 1755 4786; x_wconf 85' lang='lat' dir='ltr'>public</span> <span class='ocrx_word' id='word_1_397' title='bbox 1793 4719 2120 4773; x_wconf 72' lang='lat' dir='ltr'>d’Athenes«</span> <span class='ocrx_word' id='word_1_398' title='bbox 2164 4738 2216 4788; x_wconf 93' lang='lat' dir='ltr'>p.</span> <span class='ocrx_word' id='word_1_399' title='bbox 2260 4720 2322 4773; x_wconf 86' lang='lat'>77</span> <span class='ocrx_word' id='word_1_400' title='bbox 2364 4738 2481 4788; x_wconf 88' lang='lat' dir='ltr'>sqq.</span> 
     </span>
    </p>
   </div>
  </div>
 </body>
</html>
