3567 5392
1592 422 1678 487 33

590 617 646 685 1.
739 618 953 702 Atque
998 616 1211 684 reditu
1258 617 1516 701 quidem
1561 617 1890 688 hominum
1942 637 2061 703 per
2119 619 2567 684 ostracismum
2612 618 2861 702 relega-

413 731 620 790 torum
668 725 927 791 decreto
975 726 1297 792 aerarium
1342 726 1672 811 publicum
1716 746 1848 790 non
1877 726 2051 811 cepit
2088 724 2555 812 detrimentum,
2602 746 2746 792 cum
2784 746 2864 791 ex

413 833 599 900 bonis
647 833 809 899 civis
838 834 1069 898 remoti
1113 833 1356 898 nullum
1385 833 1661 899 fructum
1708 832 2075 918 perceperit
2101 853 2207 899 res
2233 833 2535 919 publica,
2559 840 2631 899 ut
2668 854 2864 919 supra

416 941 503 1026 (p.
556 939 667 1028 10)
715 940 1226 1007 demonstratum
1287 947 1404 1007 est.
1497 935 1965 1006 Diversissima
2019 947 2236 1006 autem
2294 942 2550 1006 exulum
2603 960 2864 1006 revoca-

414 1054 621 1114 torum
667 1049 835 1113 ratio
879 1047 1137 1114 videtur
1183 1048 1403 1116 fuisse.
1499 1047 1660 1113 Cum
1706 1047 1901 1113 exilio
1950 1049 2118 1114 enim
2164 1048 2554 1134 sempiterno
2592 1047 2864 1116 Athenis

414 1157 723 1221 bonorum
790 1155 1297 1241 publicationem
1369 1176 1575 1239 usque
1641 1154 2052 1221 coniunctam
2125 1155 2328 1221 fuisse
2400 1161 2622 1221 notum
2687 1162 2800 1222 est.
2815 1153 2864 1242 ¹)

414 1263 538 1327 Hic
586 1263 909 1328 existimet
955 1263 1278 1349 quispiam
1325 1263 1634 1349 omnibus,
1683 1263 1793 1346 qui
1840 1263 1907 1327 in
1950 1261 2233 1348 patriam
2277 1262 2642 1348 rediissent,
2695 1264 2867 1329 bona

415 1368 674 1436 reddita
700 1391 866 1437 esse.
907 1371 1076 1438 Nam
1092 1370 1371 1456 populus
1388 1369 1897 1455 Atheniensium,
1927 1390 2070 1435 cum
2089 1370 2404 1435 rationem
2424 1369 2867 1455 intellexisset,

417 1497 529 1542 cur
594 1478 816 1544 exules
880 1477 1133 1543 restitui
1198 1484 1540 1563 oporteret,
1611 1517 1684 1525 -
1756 1477 2262 1543 restituebantur
2333 1482 2548 1543 autem
2612 1477 2867 1563 patriae

415 1584 697 1651 tuendae
727 1605 929 1651 causa
983 1623 1056 1632 —
1108 1584 1389 1651 fortasse
1418 1584 1859 1671 imprudenter
1897 1585 2158 1669 egisset,
2207 1584 2262 1650 si
2291 1584 2372 1650 iis
2402 1584 2495 1649 rei
2526 1583 2868 1650 familiaris

417 1692 886 1759 restitutionem
952 1691 1363 1776 denegasset.
1379 1691 1431 1779 2)
1540 1692 1625 1758 Et
1688 1712 1923 1777 reapse
1987 1691 2311 1757 revocatis
2373 1692 2546 1757 bona
2609 1691 2867 1759 reddita

419 1819 564 1866 esse
593 1821 635 1865 a
662 1799 1072 1884 Mitylenaeis
1084 1798 1136 1886 ³)
1165 1802 1505 1884 Isocrates,
1536 1801 1619 1864 ab
1647 1800 2151 1866 Atheniensibus
2179 1798 2553 1866 Andocides
2586 1797 2869 1864 dilucide

417 1905 897 1985 tradiderunt.⁴=)
992 1905 1126 1973 Sed
1170 1927 1584 1990 nequaquam
1652 1906 1724 1971 id
1779 1927 2038 1992 semper
2084 1913 2149 1973 et
2210 1907 2582 1973 necessario
2629 1906 2871 1973 factum

415 2013 522 2079 vel
570 2033 712 2078 cum
758 2013 1171 2089 revocatione
1219 2013 1476 2078 exulum
1506 2015 1819 2079 bonorum
1863 2014 2337 2081 restitutionem
2382 2015 2527 2100 ipso
2555 2015 2693 2080 iure
2725 2034 2871 2080 con-

418 2121 702 2186 iunctam
758 2141 905 2187 esse
964 2120 1264 2204 equidem
1321 2121 1563 2207 opinor.
1576 2120 1624 2199 5)
1717 2120 1776 2184 A
1817 2121 2167 2187 Plutarcho
2178 2121 2229 2202 6)
2291 2122 2460 2187 enim
2506 2122 2874 2207 accepimus

419 2234 569 2312 post
643 2227 919 2293 reditum
1004 2227 1258 2293 demum
1333 2227 1697 2295 Alcibiadis
1779 2228 2253 2295 restitutionem
2340 2230 2652 2295 bonorum
2735 2230 2873 2297 eius

340 2415 347 2421 ι
421 2333 751 2400 decretam
824 2354 988 2401 esse.
1109 2332 1300 2411 Quod
1371 2335 1666 2418 intellegi
1738 2355 1868 2401 non
1940 2342 2193 2422 posset,
2280 2337 2335 2402 si
2400 2356 2546 2401 cum
2617 2336 2874 2402 exulum

418 2443 830 2508 revocatione
916 2461 1169 2528 semper
1249 2443 1561 2507 bonorum
1636 2443 1960 2508 restitutio
2045 2443 2386 2509 coniuncta
2460 2450 2654 2510 esset.
2776 2445 2875 2509 An

418 2548 778 2634 putandum
862 2557 962 2617 est
1045 2549 1516 2616 restitutionem
1598 2550 1694 2616 rei
1781 2550 2123 2617 familiaris
2206 2551 2579 2636 specialiter
2656 2551 2875 2634 rogari

420 2677 548 2721 non
624 2657 1015 2743 oportuisse,
1086 2657 1218 2729 nisi
1288 2658 1461 2723 bona
1536 2657 1870 2742 publicata
1931 2658 2060 2723 iam
2125 2657 2565 2746 venissent‘?⁷)
2686 2655 2875 2734 Quod

423 2763 479 2830 si
553 2764 1035 2830 concedendum
1110 2771 1303 2849 esset,
1387 2772 1604 2830 tamen
1676 2765 2055 2851 plerumque
2127 2766 2448 2832 restitutio
2524 2766 2876 2851 separatim

419 2878 757 2955 rogaretur
830 2892 1100 2938 necesse
1174 2871 1312 2958 fuit,
1393 2892 1534 2938 oum
1602 2892 1858 2958 semper
1928 2873 2065 2938 fere
2129 2873 2300 2938 bona
2375 2873 2594 2939 statim
2655 2873 2891 2955 venire·

421 2980 717 3064 solerent,
773 3000 898 3064 quo
946 2979 1119 3046 facto
1166 2999 1294 3045 non
1339 2980 1472 3044 iam
1516 2980 1892 3066 recuperari
1936 2981 2364 3065 potueruntss)
2455 2980 2543 3045 At
2589 2978 2666 3045 ⁴id
2713 2981 2875 3046 veri-

420 3085 631 3152 simile
658 3106 786 3151 non
815 3093 932 3172 est,
962 3107 1163 3171 quare
1192 3087 1364 3152 omni
1392 3085 1586 3153 modo
1612 3087 2087 3154 restitutionem
2116 3087 2489 3173 specialiter
2516 3086 2876 3170 rogandam

603 3281 646 3352 ¹)
683 3283 764 3339 Cf.
803 3300 848 3338 e.
888 3301 932 3337 c.
971 3282 1336 3339 Schoemann:
1379 3283 1542 3338 »Anu
1581 3282 1622 3339 i.
1659 3302 1716 3352 p.
1755 3283 1880 3339 Gn«
1922 3302 1976 3353 p.
2004 3284 2128 3338 234.

604 3372 647 3441 ²)
685 3374 806 3427 Huc
849 3372 1016 3439 refer,
1073 3390 1215 3440 quae
1270 3372 1457 3442 opinio
1511 3372 1573 3426 in
1629 3372 1880 3441 antiquis
1935 3373 2095 3428 rebus
2150 3372 2386 3442 publicis
2432 3372 2492 3425 in
2538 3389 2723 3426 omnes
2758 3390 2875 3441 per-

419 3463 654 3532 vulgata
691 3465 835 3517 erat:
888 3461 1160 3531 imprimis
1209 3479 1467 3531 agrorum
1506 3479 1832 3531 possessores
1868 3462 2096 3516 summis
2133 3462 2331 3516 studiis
2369 3464 2426 3516 et
2463 3460 2663 3515 animis
2700 3480 2876 3531 prom-

420 3551 684 3621 ptissimis
716 3551 960 3621 patriam
988 3551 1292 3618 defendere,
1331 3553 1388 3605 et
1415 3551 1692 3606 Dinarcho
1715 3554 1938 3606 auctore
1974 3554 2253 3621 praetores
2290 3549 2513 3619 quidem
2538 3567 2627 3605 eos
2654 3553 2879 3605 tantum

420 3642 510 3695 lex
547 3641 721 3696 creari
756 3641 934 3708 iussit,
973 3640 1071 3709 qui
1107 3640 1342 3695 fundum
1378 3640 1528 3696 intra
1564 3640 1786 3695 Atticae
1823 3641 1957 3696 fines
1993 3639 2355 3710 possiderent;
2404 3640 2471 3695 ef.
2510 3640 2878 3710 Schoemann:

425 3731 523 3785 »de
560 3748 695 3786 com.
737 3731 900 3785 Ath.«
941 3749 995 3800 p.
1034 3731 1138 3785 313
1150 3752 1165 3797 ;
1203 3749 1253 3785 v.
1294 3730 1464 3785 etiam
1501 3730 1649 3785 infra
1685 3748 1725 3784 s.
1763 3731 1847 3784 III
1889 3731 1934 3785 1.

603 3818 647 3889 ³)
682 3814 760 3874 Id'
784 3819 1137 3889 Mitylenaeis
1175 3838 1301 3874 cum
1338 3819 1767 3875 Atheniensibus
1817 3836 2105 3875 commune
2140 3819 2308 3874 fuisse
2343 3821 2490 3873 reete
2526 3818 2722 3873 Meier:
2785 3819 2882 3872 »de

420 3911 545 3965 bon.
584 3909 800 3963 damn«
840 3928 893 3979 p.
932 3911 1037 3964 229
1075 3908 1324 3964 coniecit.
1674 3932 1684 3942 ·

604 3997 649 4067 ⁴)
687 4005 753 4054 ct.
784 3996 985 4067 [Isocr.]
1008 3998 1375 4069 epist.VIII3;
1395 3997 1598 4053 Andoc.
1619 3999 1686 4053 de
1703 4002 1869 4068 myst.
1882 4000 1975 4065 533
2006 3997 2876 4061 cf.etiamPlut.Alcib.XXXIII;

422 4089 673 4144 Platner:
730 4087 911 4143 »Proc.
952 4106 1002 4142 u.
1040 4089 1160 4143 KL«
1203 4089 1229 4141 I
1271 4089 1397 4154 151;
1458 4088 1749 4157 praecipue
1786 4087 1959 4144 Meier
1995 4089 2032 4142 1.
2070 4089 2107 4144 l.
2146 4107 2199 4157 p.
2239 4089 2343 4143 229
2381 4106 2478 4156 sq.‚
2527 4087 2624 4155 qui
2669 4105 2878 4156 magna

423 4178 733 4248 sagacitate
769 4177 1138 4232 restitutionis
1174 4178 1398 4232 modum
1436 4177 1704 4246 exposuit.
2350 4163 2362 4175 ⁸

603 4266 649 4334 ⁶)
686 4267 869 4321 Aliter
903 4267 1076 4322 Meier
1111 4267 1149 4321 1.
1188 4268 1225 4323 1.
1263 4286 1317 4337 p.
1359 4267 1464 4321 228
1501 4285 1622 4336 sqq.
1661 4270 1719 4322 et
1756 4266 1997 4337 Lipsius:
2060 4267 2209 4321 »Att.
2247 4264 2460 4322 Proc.²‹
2501 4285 2555 4336 p.
2596 4267 2699 4339 993
2754 4266 2879 4320 adn.

423 4358 544 4423 642,
600 4357 699 4426 qui
743 4358 889 4411 bona
934 4373 1147 4425 semper
1180 4357 1450 4412 revocatis
1487 4357 1702 4413 reddita
1739 4375 1854 4412 esse
1890 4360 2112 4427 putant,
2163 4374 2229 4412 ea
2273 4360 2500 4411 tantum
2548 4355 2878 4421 condicione,

422 4449 488 4501 ut
524 4447 627 4502 illa
661 4445 905 4501 nondum
940 4446 1170 4501 vendita
1205 4449 1402 4501 essent.

606 4535 650 4605 6)
688 4535 755 4592 cf.
793 4536 940 4592 Plut.
979 4536 1155 4592 Alcib.
1194 4536 1430 4590 XXXIII
1440 4558 1455 4603 ;
1493 4536 1677 4606 Nepos
1716 4536 1892 4592 Alcib.
1929 4536 2023 4591 IV.
2064 4536 2159 4590 Vl.

608 4624 655 4693 ⁷)
689 4646 740 4682 v.
781 4626 966 4681 adnot.
1006 4629 1056 4682 5.
1789 4636 1794 4643 ’

608 4714 650 4785 ⁸)
689 4717 754 4771 cf.
792 4712 989 4771 Meier:
1033 4716 1130 4770 »de
1165 4717 1291 4773 bon.
1330 4716 1545 4772 damus
1586 4734 1641 4785 p.
1681 4715 1785 4770 230
1825 4718 1882 4770 et
1920 4714 2044 4770 adn.
2084 4715 2205 4770 253.
