3567 5392
1528 370 1610 434 ΙΙ.

346 564 467 619 111.
509 563 887 632 Privilegia
924 562 1249 632 quaedam
1286 563 1567 632 praemii
1605 581 1806 619 eausa
1842 563 2007 618 data
2009 603 2350 619 ......
2416 581 2469 632 p.
2547 563 2759 617 68-85

420 653 469 705 1.
508 652 589 705 De
625 651 917 720 privilegio
954 648 1241 720 ἐγκτήσεως
1278 656 1378 720 γῆς
1416 650 1502 700 καὶ
1540 647 1704 711 οἰκίας
1772 691 2357 706 .........
2424 669 2476 719 p.
2553 652 2762 704 69—75

420 740 470 793 2.
509 741 575 793 de
611 739 903 809 privilegio
940 736 1180 807 προσόδου
1217 738 1336 808 πρὸς
1373 738 1467 809 τὴν
1503 736 1695 809 βουλὴν
1731 740 1818 789 καὶ
1854 738 1937 789 τὸν
1975 736 2137 809 δῆμον
2194 780 2208 794 .
2267 781 2280 794 ,
2337 780 2350 793 .
2423 758 2477 807 p.
2553 740 2763 793 75—-81

423 831 473 882 3.
511 829 577 883 de
614 829 930 883 remissione
967 829 1302 882 tributorum
1351 869 2359 884 ...............
2427 846 2480 896 Ρ.
2555 829 2766 882 81-83

421 917 474 971 4.
513 917 578 971 de
617 917 922 986 privilegiis
960 913 1205 978 ἀτελείας,
1242 913 1371 967 ἰσοτε
1374 914 1531 977 λείας,
1569 913 1841 986 προξενίας.
1921 959 1934 971 .
1994 959 2004 971 .
2065 959 2077 971 .
2135 959 2147 971 .
2206 959 2220 972 .
2277 958 2291 972 .
2346 957 2361 972 .
2426 936 2478 986 Ρ.
2554 917 2769 972 83-84

389 1007 477 1060 De
512 1007 713 1061 venia
748 1006 1041 1075 magistr
1052 1011 1203 1060 ⁸itus
1240 1006 1666 1060 accusaturis
1703 1006 2217 1074 acquirenda..
2275 1050 2289 1060 .
2425 1025 2479 1076 p.
2555 1007 2765 1061 86—87

356 1094 429 1173 Β.
490 1094 589 1174 De
648 1095 1071 1192 impunitate,
1134 1114 1314 1192 quae
1375 1113 1509 1173 non
1569 1093 1661 1173 ad
1709 1095 2120 1191 rogationes
2169 1113 2374 1191 quas-

495 1218 654 1298 dam
709 1218 1070 1311 ferendas»,
1128 1218 1353 1298 seds
1314 1239 1448 1298 sua
1506 1219 1729 1317 ipsius
1796 1238 2026 1297 causa
2091 1219 2371 1317 petitur.
2427 1256 2480 1307 p.
2555 1238 2804 1291 88—110

353 1348 401 1400 1.
442 1345 530 1399 De
566 1340 746 1412 ἀδείᾳ
796 1343 1256 1415 (impunitate)
1302 1345 1520 1399 danda
1565 1348 1872 1415 μηνυταῖς
1919 1345 1955 1397 i.
2003 1362 2047 1400 e.
2095 1344 2211 1410 iis,
2261 1344 2376 1412 qui

495 1434 775 1489 sceleris
804 1434 1150 1488 cuiusdam
1177 1433 1312 1503 ipsi
1341 1434 1590 1489 affines
1618 1434 1925 1488 delaturi
1955 1437 2113 1487 sunt
2142 1434 2373 1489 socios.
2428 1452 2480 1503 p.
2555 1433 2768 1487 88—99

497 1524 577 1578 De
613 1526 890 1592 potestate
926 1524 1216 1578 accusandi
1253 1524 1421 1577 servis
1459 1524 1641 1578 danda
1643 1565 2368 1580 ...........
2430 1540 2484 1591 Ρ.
2558 1522 2770 1576 91-94

354 1614 403 1666 2.
443 1613 533 1666 De
570 1609 751 1679 ἀδείᾳ
789 1612 929 1666 sive
966 1612 1105 1666 fide
1143 1613 1418 1682 publiea
1459 1612 1977 1666 Atheniensium
1999 1654 2363 1668 ......
2430 1629 2483 1680 Ρ.
2559 1613 2692 1666 99-
2705 1612 2805 1665 110

426 1720 473 1756 a.
514 1702 593 1755 De
637 1701 742 1755 fide
788 1701 1025 1771 publiea,
1073 1719 1213 1770 quae
1270 1702 1342 1755 ad
1393 1701 1498 1755 ius
1553 1701 1900 1770 publicum
1955 1700 2379 1755 Atheniensium

568 1790 825 1859 pertinet,
873 1792 927 1844 h.
976 1808 1020 1845 e.
1070 1792 1320 1845 exulibus
1356 1790 1415 1844 in
1451 1790 1693 1860 patriam
1739 1790 1998 1844 redituris
2043 1791 2376 1858 acquirenda
2431 1807 2484 1858 p.
2560 1745 2807 1844 993101

429 1881 477 1934 b.
517 1880 585 1934 de
619 1880 725 1933 fide
761 1880 984 1948 publiea
1021 1879 1461 1945 Atheniensium,
1491 1896 1635 1947 quae
1673 1879 1744 1933 ad
1779 1879 1885 1933 ius
1923 1880 2234 1948 gentium
2263 1898 2378 1949 per-

568 1969 715 2022 tinet
787 2010 2368 2026 .......................
2433 1985 2485 2036 Ρ.
2527 1967 2807 2022 101-110

676 2076 725 2108 α.
765 2058 831 2111 de
867 2058 972 2111 fide
1018 2058 1243 2127 publiea
1287 2057 1592 2127 peregrinis
1630 2057 1876 2113 Athenas
1922 2057 2245 2126 profecturis
2294 2076 2380 2113 ae-

767 2146 1036 2214 quirenda
1076 2187 2368 2204 ...................
2434 2164 2486 2215 Ρ.
2528 2145 2807 2200 101—105

679 2233 725 2302 β.
764 2235 831 2290 de
866 2236 972 2290 fide
1008 2236 1232 2304 publiea
1267 2236 1626 2291 histrionibus
1663 2255 1918 2293 concessa
1999 2278 2368 2293 ......
2433 2253 2485 2304 Ρ.
2528 2235 2808 2289 105-110

837 2324 903 2379 de
959 2324 1281 2379 differentiis
1335 2327 1648 2380 verborum:
1704 2324 1947 2388 ἀδείας,
1996 2323 2381 2395 ἀσφαλείας,

767 2411 1031 2475 ἀσυλίας
1033 2452 2371 2473 ....................
2436 2431 2488 2482 Ρ.
2531 2413 2811 2468 109-110

366 2502 769 2559 Summarium
808 2504 957 2559 libri
996 2505 1245 2573 prioris.
1295 2546 2373 2563 ................
2437 2521 2490 2572 p.
2531 2503 2810 2557 110-112

1294 2684 1562 2767 Liber
1617 2686 1885 2768 alter:

359 2866 530 2964 DE
605 2862 1141 2963 ΑΔΕΙΑΣ
1225 2863 1715 2966 DA'PION
1720 2867 1803 2965 E
1811 2946 2372 2972 .........
2436 2931 2489 2982 p.
2530 2913 2810 2967 113—149

357 3002 500 3073 Cap.
545 3004 597 3056 1.
624 2997 815 3053 Ἀδεια
850 3003 958 3057 nisi
994 3004 1236 3058 maximo
1273 3003 1333 3056 in
1369 3004 1661 3059 comitiatu
1697 3005 1931 3074 irrogari
1968 3022 2077 3058 non
2115 3004 2316 3073 potuit.
2355 3046 2369 3060 .
2434 3021 2487 3072 p.
2532 3003 2811 3056 113—123

432 3094 513 3147 De
549 3090 720 3153 ἀδείας
758 3092 999 3158 notione,
1039 3111 1181 3161 quae
1217 3093 1287 3148 ad
1322 3111 1406 3147 res
1444 3112 1619 3149 sacras
1657 3098 1871 3163 spectat
1875 3136 2225 3150 ......
2277 3100 2296 3149 ‘.
2356 3136 2368 3148 .
2433 3111 2486 3162 p.
2533 3093 2842 3155 121—123,

362 3181 504 3252 Cap.
540 3182 629 3238 11.
669 3183 749 3236 De
787 3182 1149 3249 contionibus,
1187 3182 1247 3236 in
1284 3183 1484 3250 quibus
1513 3183 1579 3237 de
1611 3180 1781 3244 ἀδείας
1811 3183 2035 3238 datione
2064 3188 2251 3238 aetum
2277 3186 2375 3239 est.
2432 3200 2485 3250 p.
2531 3182 2807 3235 123—131

431 3271 833 3342 Comparantur
869 3272 1166 3337 contiones,
1202 3272 1264 3326 in
1300 3272 1499 3341 quibus
1535 3275 1721 3327 aetum
1757 3276 1842 3327 est

997 3363 1055 3416 et
1082 3362 1159 3416 de
1185 3363 1583 3417 ostraeismo
1610 3362 1940 3417 habendo,
1998 3403 2012 3417 .
2071 3400 2084 3417 -.
2141 3402 2154 3417 .
2212 3403 2226 3417 .
2285 3404 2298 3417 .
2355 3403 2369 3417 .
2434 3378 2486 3428 Ρ.
2529 3359 2808 3414 125-127

999 3454 1056 3505 et
1093 3451 1169 3505 de
1206 3450 1526 3506 civitatis
1563 3451 1841 3506 datione
1861 3492 2370 3507 ........
2435 3468 2488 3518 Ρ.
2531 3449 2810 3503 128—129

357 3537 502 3608 Cap.
541 3540 662 3595 111.
700 3541 791 3594 De
825 3543 1103 3595 senatus
1139 3540 1208 3593 in
1246 3537 1461 3601 ἀδείας
1498 3541 1776 3596 datione
1812 3540 2300 3594 functionibus.
2359 3582 2371 3595 .
2435 3556 2487 3607 p.
2533 3538 2810 3592 131—143

430 3628 831 3698 Comparantur
867 3634 1090 3685 senatus
1127 3631 1435 3686 functiones
1472 3634 1529 3685 et
1557 3631 1626 3684 in
1654 3630 2050 3685 ostraeismo
2077 3629 2380 3684 habendo
2435 3646 2488 3695 p.
2529 3628 2808 3682 134-137

2435 3734 2487 3785 p.
2529 3717 2809 3771 138—139

1460 3813 1517 3864 et
1552 3809 1623 3863 in
1660 3807 1978 3864 civitatis
2015 3807 2309 3862 datione.
2354 3848 2371 3863 .
2435 3825 2489 3876 p.
2530 3807 2630 3860 137

1512 3893 1517 3899 ’
2434 3915 2487 3966 Ρ.
2531 3897 2811 3950 139--142

362 3985 507 4056 Cap.
550 3986 652 4043 lv.
709 3987 798 4040 De
853 3987 1023 4052 1000,
1081 4006 1210 4056 quo
1265 3988 1548 4042 comitia
1602 3984 1778 4055 ἀδείᾳ
1834 3987 2091 4042 dandae
2146 3985 2382 4041 habita

500 4079 660 4130 sunt
663 4115 2369 4135 .........................
2434 4093 2487 4144 Ρ.
2531 4075 2809 4128 143-148

359 4165 757 4221 Summarium
794 4165 943 4221 libri
982 4167 1242 4221 alterius
1247 4204 2370 4223 .................
2433 4183 2487 4234 Ρ.
2530 4164 2810 4219 148--149

1480 4652 1691 4662 ..............

867 4683 1026 4742 Typis
1054 4682 1314 4730 societatis
1342 4686 1782 4740 typographorum
1811 4680 2303 4728 Vratislaviensium.
