3567 5392
1463 427 1789 523 --ἒξ-ψ

399 620 573 686 dicia
619 621 835 686 facere
882 620 1151 686 licuerit.
1209 618 1481 703 Quoquo
1527 620 1720 685 modo
1768 627 1985 685 autem
2030 640 2136 686 res
2185 640 2256 686 se
2303 620 2517 705 habet,
2557 641 2863 704 magnum

397 728 617 810 utique
682 727 1029 792 discrimen
1097 732 1197 793 est
1253 727 1421 793 inter
1474 727 1747 791 liberam
1799 727 2000 793 verba
2060 725 2344 792 faciendi
2400 734 2514 792 aut
2567 747 2684 812 per
2746 725 2867 791 εἰσ-

398 837 680 917 αγγελίαν
745 833 1099 899 accusandi
1163 839 1553 918 potestatem
1622 840 1687 899 et
1739 833 1965 898 indicii
2021 833 2356 898 deferendi
2416 833 2795 900 facultatem
2808 832 2862 918 ¹)

395 939 520 1025 vel,
565 948 637 1005 ut
684 940 832 1006 aliis
865 940 1081 1006 verbis
1129 939 1359 1024 dicam,
1399 940 1578 1004 aliud
1609 948 1710 1006 est
1746 939 2056 1024 indicare,
2099 940 2280 1005 aliud
2318 960 2658 1023 accusare3
2698 939 2862 1005 illud

397 1047 603 1132 primo
653 1046 905 1131 cuique,
950 1047 1073 1112 hoc
1121 1047 1369 1113 civibus
1418 1046 1575 1112 solis
1623 1047 1841 1113 facere
1898 1047 2080 1112 licuit
2123 1046 2414 1112 Athenis.

574 1171 719 1237 Hac
765 1191 919 1236 vero
968 1171 1313 1236 occasione
1359 1191 1510 1256 rem,
1559 1191 1758 1254 quam
1806 1170 2214 1237 Schoemann
2261 1171 2412 1254 [„de
2461 1192 2619 1237 com.
2666 1172 2859 1238 Ath.“

397 1299 458 1362 p.
506 1278 659 1361 333]
711 1299 793 1344 ex
840 1277 1163 1343 Aeschine
1213 1277 1662 1362 depromptam
1709 1278 1916 1361 affert,
1967 1278 2342 1344 examinare
2388 1278 2602 1362 liceat,
2642 1299 2863 1361 quam-

399 1405 589 1466 quam
634 1385 825 1452 huius
872 1386 1000 1451 loci
1046 1406 1173 1450 non
1222 1392 1338 1469 est,
1386 1393 1456 1450 ut
1513 1386 1988 1452 demonstrabo,
2080 1385 2313 1479 Agitur
2370 1387 2540 1450 enim
2596 1385 2686 1451 de
2739 1406 2861 1469 po-

397 1497 689 1557 testate
736 1492 1164 1558 accusandi
1214 1493 1467 1558 servis
1517 1492 1793 1577 danda,
1832 1513 1998 1575 quae
2027 1492 2217 1568 ἄδεια,
2260 1493 2315 1558 si
2342 1492 2626 1577 patuerit
2656 1492 2866 1557 servis

396 1599 463 1662 in
509 1598 646 1665 iure
691 1598 931 1673 Attico,
980 1599 1067 1663 ad
1111 1599 1392 1683 priorem
1438 1599 1998 1665 commentationis
2047 1605 2298 1684 partem
2344 1599 2770 1683 pertineaffl)

576 1723 934 1790 Aeschines
994 1725 1047 1807 [I
1094 1725 1201 1808 60]
1252 1730 1475 1788 narrat
1521 1724 1911 1789 Pittalacum
1960 1723 2300 1808 quendam,
2350 1744 2604 1789 servum
2652 1723 2861 1808 publi-

303 1838 308 1844 ’
399 1850 557 1915 cum,
607 1850 751 1895 cum
797 1831 881 1895 ab
927 1830 1357 1914 Hegesandro
1407 1837 1473 1895 et
1510 1830 1855 1896 Timarcho
1906 1831 2310 1914 gravissimis
2360 1830 2634 1896 affectus
2683 1837 2866 1895 esset

399 1937 821 2021 contumeliis,
881 1937 1238 2022 supplicem
1299 1938 1364 2002 in
1433 1958 1548 2015 ara
1615 1938 1840 2002 Matris
1905 1937 2250 2019 Deorumss)
2303 1937 2697 2021 consedisse,
2752 1943 2862 2015 „ut

395 2043 762 2129 videlicet“,
829 2051 900 2109 ut
965 2045 1059 2109 ait
1121 2044 1543 2128 Schoemann,
1615 2045 1986 2127 „querelam
2052 2044 2139 2110 ad
2201 2045 2509 2130 populum
2576 2044 2866 2110 deferret

399 2151 666 2234 eiusque
712 2151 1025 2218 beneficio
1073 2152 1491 2216 ulcisceretur
1547 2151 1839 2217 homines
1895 2158 2213 2236 potentes,
2274 2172 2435 2234 quos
2490 2152 2559 2216 in
2615 2150 2860 2216 iudicio

396 2259 700 2342 persequi
746 2279 956 2341 neque
984 2258 1178 2323 facile
1221 2258 1346 2323 sihi
1375 2279 1584 2341 neque
1616 2265 1823 2323 tutum
1853 2257 2327 2323 existimabat.“
2388 2259 2558 2325 Nam
2586 2257 2861 2323 Athenis

398 2364 595 2430 etiam
642 2368 778 2438 τοὺς
824 2362 1165 2449 ὑβρίζοντας
1212 2363 1298 2437 εἷς
1342 2368 1479 2438 τοὺς
1525 2368 1790 2440 δοῦλοος,
1840 2364 2184 2430 dummodo
2252 2386 2334 2431 ne
2397 2365 2465 2430 hi
2531 2385 2859 2431 servorum

397 2471 639 2537 domini
696 2478 932 2554 essent,
991 2471 1058 2535 in
1103 2471 1205 2538 ius
1251 2492 1487 2538 vocare
1533 2471 1796 2555 licuit,4)
1847 2492 2047 2554 quare
2092 2472 2450 2538 Aeschines
2513 2472 2564 2555 [I
2612 2472 2719 2555 62]
2776 2471 2862 2536 (16

395 2579 719 2644 Pittalaco
770 2578 955 2643 dicit:
1024 2582 1254 2663 βαρέως
1301 2580 1363 2643 δὲ
1409 2585 1596 2667 φέρων
1642 2584 1749 2664 τὴν
1796 2576 1958 2663 ὕβριν
2007 2577 2198 2644 αὒτῶν
2244 2577 2276 2643 ὁ
2324 2578 2642 2664 ἄνθρωπος
2689 2580 2862 2665 δίκην

396 2684 658 2771 ἑκατέρῳ
681 2683 867 2750 αὐτῶν
885 2687 1186 2772 λαγχάνει.
1236 2684 1581 2761 Quaeritur
1602 2693 1835 2769 autem,
1856 2705 2006 2749 num
2042 2685 2210 2750 servi
2241 2687 2379 2750 iure
2411 2685 2627 2750 Attico
2649 2685 2712 2748 in
2733 2684 2861 2749 hac

395 2812 464 2857 re
502 2792 643 2858 cive
682 2792 899 2874 aliquo
931 2792 1032 2857 vel
1065 2791 1282 2877 potius
1315 2791 1571 2857 domino
1586 2790 1635 2872 ⁵)
1668 2792 1768 2857 usi
1801 2793 1930 2857 sint
1957 2799 2250 2876 patrono.
2311 2790 2501 2867 Quod
2528 2791 2622 2855 ita
2653 2790 2860 2856 fuisse

588 3042 634 3110 ¹)
674 3044 873 3110 Itaque
909 3043 1104 3096 Meier:
1149 3042 1245 3097 »de
1282 3043 1405 3097 bon.
1447 3042 1663 3096 damna:
1705 3061 1758 3112 p.
1803 3043 1904 3096 135
1941 3042 2065 3096 adn.
2106 3043 2210 3095 445
2259 3042 2395 3096 haec
2440 3041 2601 3095 dicit:
2646 3040 2864 3094 »Verba

398 3130 571 3200 [apud
607 3132 810 3186 Andoc.
851 3131 918 3185 de
955 3135 1119 3200 myst.
1159 3132 1252 3186 20:
1292 3129 1319 3181 ὁ
1357 3132 1455 3201 γὰρ
1492 3130 1643 3201 νόμος
1682 3129 1838 3191 οὕτως
1868 3124 2001 3199 εἶχεν
2031 3128 2165 3198 κτλ]
2196 3131 2333 3185 satis
2358 3133 2603 3200 arguunt
2629 3147 2741 3183 non
2766 3129 2863 3182 hic

397 3220 463 3274 de
508 3223 821 3275 accusatore
868 3221 961 3289 agi
1012 3217 1435 3290 (εἰσαγγείλαντι),
1486 3220 1580 3275 sed
1627 3220 1693 3274 de
1739 3221 1920 3274 indice
1958 3220 2197 3289 (μηνυτῇ)
2236 3220 2399 3289 longe
2438 3220 2507 3273 ab
2544 3221 2861 3273 accusatore

396 3308 636 3374 diverso;
675 3327 800 3363 cum
838 3325 1090 3364 accusare
1128 3309 1349 3377 quidem
1388 3310 1496 3364 nisi
1534 3309 1641 3364 civi
1679 3307 1856 3378 ἐντίμῳ
1892 3309 2102 3363 nemini
2117 3360 2123 3365 ,
2140 3308 2345 3373 liceret,
2383 3307 2548 3362 index
2585 3310 2773 3361 autem
2801 3309 2861 3360 et

396 3398 717 3467 peregrinus
765 3401 822 3452 et
867 3415 1054 3452 servus
1102 3416 1215 3452 esse
1261 3402 1474 3467 posset«
1497 3442 1506 3452 .
1529 3441 1542 3453 .
1568 3421 1613 3463 .;
1653 3383 1720 3454 cf.
1759 3398 2004 3467 Lipsius:
2061 3399 2208 3452 »Att.
2247 3398 2430 3452 Proc.‹
2472 3415 2525 3466 p.
2565 3397 2686 3451 330.
2726 3396 2859 3459 751;

403 3487 626 3542 Platner
661 3488 697 3542 l.
736 3488 773 3541 l.
812 3488 839 3540 I
877 3488 962 3540 91.
1003 3487 1106 3541 353
1133 3505 1212 3556 sq.
1291 3487 1391 3555 [Id.
1441 3488 1589 3557 quod
1636 3488 1826 3541 Perrot
1863 3506 1914 3556 p.
1967 3489 2069 3542 321
2117 3487 2270 3553 dicit,
2319 3506 2353 3542 a
2396 3503 2524 3541 vero
2571 3486 2862 3541 abhorrere

395 3575 660 3630 adnotavi
696 3594 748 3645 p.
788 3576 953 3644 89‚1].

586 3680 632 3749 ²)
671 3682 779 3737 Sed
814 3700 948 3736 num
989 3700 1055 3737 ea
1092 3701 1337 3751 unquam
1377 3683 1512 3738 data
1548 3683 1641 3750 sit,
1678 3683 1924 3738 dubitari
1962 3686 2162 3753 potest.

582 3787 624 3856 ³)
679 3807 730 3844 v.
772 3789 839 3844 de
876 3790 981 3844 hac
1016 3807 1074 3844 re
1110 3790 1169 3843 in
1206 3790 1347 3844 libro
1386 3791 1484 3844 alt.
1524 3808 1642 3859 cap.
1680 3792 1774 3845 IV.

579 3894 620 3963 ι)
660 3898 725 3950 cf.
764 3897 957 3951 Aesch.
996 3897 1018 3950 1
1061 3898 1145 3951 15.
1218 3897 1477 3966 Explicat
1513 3897 1573 3951 id
1608 3900 1792 3951 orator
1828 3896 1860 3964 ὅ
1908 3898 1964 3950 17
2003 3897 2090 3950 his
2126 3897 2328 3951 verbis:
2363 3892 2720 3964 ..βουλόμενος
2759 3893 2858 3960 (sc.

407 3980 435 4032 ὁ
471 3983 780 4055 νομοθέτης)
816 3983 959 4055 ἡμᾶς
1014 3983 1182 4035 ἐθίσαι
1237 3983 1362 4036 πολὺ
1418 3983 1618 4054 ἀπέχειν
1672 3991 1766 4056 τῆς
1818 3992 1915 4035 τῶν
1971 3981 2248 4054 ἐλευθέρων
2305 3982 2492 4053 ὕβρεως
2546 3983 2859 4053 προσέγραψε

396 4071 520 4142 μηδ’
573 4070 642 4133 εἰς
679 4073 793 4135 τοὺς
842 4072 1047 4135 δούλους
1095 4072 1318 4144 ὑβρίζειν.
1395 4075 1473 4129 Of.
1521 4076 1723 4145 Hyper.
1765 4075 1914 4145 apud
1961 4076 2165 4129 Athen.
2204 4075 2282 4129 VI
2320 4075 2425 4128 266
2462 4074 2532 4128 F:
2572 4070 2759 4123 ἔθεσαν
2798 4068 2858 4121 οὔ

395 4161 543 4230 μόνον
582 4160 698 4232 ὑπὲρ
734 4170 831 4215 τῶν
870 4160 1165 4234 ἐλευθέρων,
1204 4161 1341 4214 ἀλλὰ
1378 4164 1464 4214 καὶ
1504 4161 1589 4214 ἐάν
1626 4181 1696 4225 τις
1736 4161 1806 4225 εἰς
1845 4161 2022 4214 δούλου
2064 4170 2212 4233 σῶμα
2249 4160 2441 4233 ὑβρίσῃ,
2489 4163 2687 4232 γραφὰς
2733 4154 2860 4211 εἶναι

393 4253 524 4301 ’κατὰ
561 4256 647 4303 τοῦ
686 4250 999 4322 ὑβρίσαντος;
1039 4253 1280 4323 Lipsius:
1325 4254 1473 4307 »Att.
1511 4255 1688 4309 Proca<
1722 4272 1777 4322 p.
1807 4255 1913 4307 394
1945 4270 2090 4321 sqq.;
2122 4255 2187 4309 cf.
2218 4253 2392 4307 etiam
2418 4253 2573 4306 Dem.
2612 4251 2740 4305 XXI
2759 4252 2857 4315 473

400 4340 583 4408 [Xen.]
634 4340 701 4395 de
745 4359 856 4410 rep.
908 4343 1039 4396 Ath.
1080 4343 1106 4395 Ι
1160 4342 1247 4406 10;
1297 4342 1665 4397 Schoemann:
1719 4343 1843 4397 »Gn
1893 4343 2039 4397 Alt.«
2090 4344 2117 4396 I
2166 4343 2286 4408 351,
2309 4343 2368 4405 53
2417 4341 2860 4395 Buchsenschiitz

399 4448 448 4498 p.
492 4431 591 4484 151
633 4447 742 4498 sq.;
782 4430 999 4485 Gilbert
1036 4431 1061 4484 I
1106 4432 1302 4496 164‚4;
1342 4431 1537 4485 Busolt
1575 4432 1605 4497 ξ
1646 4432 1749 4486 150
1784 4450 1838 4500 p.
1882 4432 2071 4497 136‚4.

576 4535 619 4604 ⁶)
656 4537 807 4592 Nam
844 4536 1097 4591 dominus
1133 4537 1193 4590 in
1230 4537 1483 4591 omnibus
1520 4538 1681 4591 rebus
1719 4538 1863 4592 servi
1921 4541 2186 4607 patronus
2232 4538 2344 4593 fuit
2354 4560 2368 4603 ;
2415 4538 2481 4592 cf.
2529 4539 2682 4592 Dem.
2730 4536 2856 4589 LIII

394 4627 485 4691 203
534 4626 767 4695 Antiph.
813 4627 881 4680 de
927 4626 1090 4681 caede
1134 4626 1332 4680 Herod.
1370 4626 1465 4689 483
1528 4626 1745 4681 Gilbert
1781 4627 1809 4679 I
1845 4644 1898 4696 p.
1938 4628 2052 4691 164,
2073 4629 2132 4691 4;
2183 4627 2426 4696 Lipsius:
2469 4627 2618 4681 ›Al-t.
2666 4626 2853 4679 Proc«

393 4733 444 4783 p.
496 4716 805 4777 ‘us—7523
855 4715 1296 4770 Biichsenschiitz
1341 4733 1394 4783 p.
1439 4715 1565 4778 1483
1605 4715 1798 4769 Busolt
1837 4717 1867 4782 ξ
1909 4718 1976 4769 12
2013 4734 2065 4785 p.
2108 4716 2191 4769 12.
2230 4715 2262 4783 ξ
2303 4717 2404 4769 150
2443 4734 2495 4784 p.
2541 4715 2654 4769 136.
