3567 5392
1576 400 1661 510 41

362 637 513 723 -qui,
576 644 922 723 postquam
986 637 1069 704 de
1134 639 1259 705 hac
1328 640 1476 724 lege
1541 639 1850 707 disseruit
1914 639 2067 725 [„de
2131 661 2289 707 com.
2345 641 2531 707 Ath.“
2598 662 2660 725 p.
2712 643 2843 706 275

384 750 515 810 not.
563 745 690 830 55]‚
736 745 830 810 ita
874 745 1117 831 pergit:
1172 746 1389 826 „Quid
1434 746 1597 812 illud
1646 746 1757 814 sit:
1818 753 1945 834 περὶ
1992 748 2238 829 τάξεως,
2285 749 2605 834 Ulpianus
2653 747 2845 815 docet

387 851 472 917 ad
519 851 578 918 h.
624 852 684 937 1.,
746 873 1136 937 quamquam
1183 853 1241 919 is
1304 855 1486 921 locus
1532 876 1661 920 non
1708 855 1872 921 satis
1919 875 2117 921 sanus
2163 855 2437 922 videtur.
2528 857 2713 941 Nam,
2772 861 2845 921 ut

384 980 552 1025 nunc
597 958 852 1046 legitur,
898 961 1111 1049 ἄφεσιν
1142 961 1445 1047 explicat,
1496 984 1665 1047 quae
1711 963 1890 1029 nulla
1939 962 2373 1049 explicatione
2421 970 2590 1048 eget,
2641 969 2706 1029 et
2751 963 2842 1028 ita

387 1066 667 1152 quidem,
714 1074 786 1134 ut
830 1069 1242 1155 perspicuum
1291 1070 1377 1137 sit
1423 1090 1567 1136 eam
1615 1070 2114 1156 explicationem
2160 1070 2248 1136 ad
2294 1071 2451 1145 τάξιν
2497 1070 2839 1156 pertinere.

386 1174 515 1242 Sed
561 1175 886 1243 excidisse
932 1175 1240 1242 nonnulla
1285 1177 1644 1244 videntur.“
1739 1179 1989 1243 Tamen
2020 1177 2448 1244 Schoemanni
2487 1176 2839 1264 explicatio

383 1303 513 1348 non
559 1283 816 1352 sufficit.
911 1282 1258 1360 Quaeritur
1306 1284 1492 1369 enim,
1541 1284 1696 1369 quid
1743 1284 1830 1350 ad
1869 1285 2035 1352 haec
2062 1286 2291 1351 verba:
2340 1285 2381 1372 ἢ
2425 1286 2648 1359 τάξεως
2695 1305 2842 1370 sup-

383 1389 690 1476 plendum
756 1390 868 1459 sit:
950 1393 1152 1477 „wepffl
1223 1412 1308 1457 an
1377 1398 1554 1479 „vt-epi
1618 1392 1961 1481 ἀφέσεως“;
2035 1400 2245 1459 utrum
2308 1392 2656 1478 legendum
2722 1392 2839 1460 sit:

387 1501 536 1587 μηδὲ
584 1495 694 1586 [sc.
742 1500 830 1564 δεῖ
876 1503 1062 1581 λέγειν
1090 1497 1130 1585 ἢ
1158 1499 1516 1588 ἐπιψηφίζειν
1532 1501 1572 1581 ¹]
1591 1552 1831 1568 ......
1885 1504 2017 1587 περὶ
2044 1499 2315 1588 ἀφέσεως
2351 1511 2454 1566 τοῦ
2486 1500 2842 1589 ὀφλήματος

385 1605 425 1693 ἢ
484 1610 819 1692 <περὶ>
877 1607 1121 1683 τάξεως,
1179 1627 1293 1672 an:
1360 1606 1400 1693 ἢ
1468 1611 1696 1693 <περί
1760 1607 2135 1696 ἀφέσεως>
2199 1608 2437 1682 τάξεως.
2541 1608 2710 1675 Nam
2786 1606 2843 1674 si

383 1712 729 1798 legendum
779 1719 980 1781 esset:
1036 1712 1109 1801 ,ἢ
1160 1719 1502 1801 <περὶ>
1548 1715 1774 1790 τάξεως
1788 1721 1836 1801 “,
1884 1714 2129 1781 diceret
2173 1715 2282 1781 lex
2327 1715 2393 1781 in
2442 1714 2719 1781 comitiis
2760 1714 2843 1780 de

384 1821 802 1906 pensionibus
850 1821 1210 1888 debitorum
1258 1842 1456 1907 agere
1501 1844 1630 1889 non
1674 1823 1873 1889 licere
1918 1822 2048 1889 nisi
2099 1823 2296 1889 venia
2343 1822 2531 1906 datar,
2580 1823 2710 1888 sin:
2764 1821 2843 1908 ,ἢ

387 1932 626 2014 <περὶ
684 1928 1059 2017 ἀφέσεως>
1117 1930 1346 2004 τάξεως
1359 1930 1469 2016 “‚2)
1528 1929 1772 1997 diceret
1828 1930 1911 1996 de
1965 1929 2367 1998 remittendis
2423 1928 2844 2016 pensionibus

387 2056 584 2120 agere
632 2057 761 2102 non
805 2037 1004 2104 licere
1049 2036 1177 2103 nisi
1222 2037 1608 2123 impunitate
1653 2037 2021 2123 impetrata,
2068 2037 2188 2104 sed
2226 2059 2355 2104 non
2385 2037 2647 2123 diceret,
2694 2057 2843 2102 num

386 2144 641 2208 omnino
691 2143 751 2210 ei
800 2143 970 2230 ἀδείᾳ
1017 2165 1179 2230 opus
1210 2144 1312 2231 sit,
1362 2145 1472 2229 qui
1520 2166 1561 2210 a
1588 2144 1829 2231 populo
1876 2145 2194 2231 petiturus
2228 2151 2349 2230 est,
2395 2151 2467 2211 ut
2493 2143 2843 2230 pensiones

387 2250 512 2316 sibi
544 2249 995 2317 concedantur.
1058 2252 1369 2318 Fortasse
1399 2251 1601 2336 igitur
1628 2251 2076 2320 interciderint
2101 2251 2428 2333 nonnulla,
2478 2272 2647 2336 quae
2675 2252 2846 2317 hanc

382 2378 516 2422 rem
561 2357 1054 2442 illustraverint3
1122 2380 1529 2444 quamquam,
1597 2380 1766 2444 quae
1812 2380 1970 2426 vera
2018 2359 2340 2426 sententia
2387 2359 2514 2426 loci
2562 2360 2664 2445 sit,
2729 2359 2841 2425 vix

385 2463 668 2530 dubitari
686 2471 919 2552 potest.
977 2465 1160 2532 Idem
1180 2466 1366 2553 enim,
1399 2467 1573 2552 quod
1605 2466 1688 2533 de
1714 2467 2097 2534 remissione
2125 2467 2322 2533 totius
2352 2466 2556 2533 debiti
2587 2465 2839 2551 dicitur,

384 2571 471 2637 ad
499 2572 925 2640 remittendas
954 2573 1301 2659 pensiones
1333 2573 1732 2642 debitoribus
1763 2575 2003 2641 aerarii
2023 2595 2372 2642 concessas
2392 2574 2690 2660 pertinet,
2719 2574 2841 2639 ita-

384 2699 508 2762 que
543 2699 624 2745 ne
655 2679 722 2745 id
770 2680 1030 2764 quidem
1076 2680 1204 2748 nisi
1249 2682 1443 2748 venia
1490 2681 1647 2748 data
1697 2704 1737 2749 a
1765 2683 2007 2769 populo
2042 2683 2370 2750 decretum
2399 2680 2580 2769 est.³)
2655 2681 2841 2759 Quae

566 2948 609 3017 1)
647 2950 727 3007 Cf.
774 2950 916 3005 And.
962 2952 1029 3006 de
1074 2954 1237 3020 myst.
1277 2951 1309 3018 ξ
1350 2952 1442 3016 77;
1500 2950 1644 3006 CJA.
1693 2952 1720 3005 Ι
1768 2951 1894 3006 32Β
1939 2969 2016 3005 vs.
2069 2952 2150 3006 16.
2208 2952 2235 3005 Ι
2273 2952 2358 3017 31,
2397 2951 2481 3005 20.
2533 2949 2588 3004 II
2631 2950 2711 3014 17,
2749 2949 2838 3002 51.

382 3040 437 3093 ΙΙ
474 3041 594 3105 203,
634 3041 718 3093 26.
756 3041 811 3094 II
848 3041 970 3106 610,
1010 3042 1102 3106 133
1148 3041 1320 3095 Thuc.
1358 3041 1412 3095 II
1451 3042 1534 3095 24.
1575 3041 1709 3095 VIII
1754 3042 1833 3094 15.

566 3127 608 3192 ²)
647 3130 714 3184 cf.
751 3131 1002 3184 Platner:
1048 3131 1225 3185 »Proc.
1266 3149 1319 3184 u.
1358 3131 1479 3184 K1.‹
1521 3130 1576 3183 II
1618 3130 1734 3184 134.

565 3218 609 3287 Β)
645 3219 826 3274 Aliter
869 3219 1090 3274 Boeckh
1139 3220 1176 3274 l.
1214 3220 1252 3274 1.
1298 3221 1325 3274 Ι
1370 3219 1477 3274 516
1522 3222 1579 3274 et
1617 3219 1834 3274 Gilbert
1871 3220 1907 3272 1.
1946 3220 1983 3274 l.
2023 3220 2048 3273 Ι
2084 3237 2136 3289 p.
2176 3219 2297 3284 338,
2338 3220 2370 3272 3
2407 3218 2673 3284 iudicant,
2732 3218 2830 3287 qui

382 3326 411 3363 e
447 3309 571 3377 lege
617 3327 784 3378 supra
826 3312 1251 3363 commemorata
1294 3326 1365 3363 ne
1413 3309 1699 3378 pensiones
1745 3308 1968 3377 quidem
2014 3327 2209 3378 rogare
2251 3306 2473 3362 licuisse
2520 3307 2627 3361 nisi
2675 3308 2840 3362 venia

382 3398 517 3452 data
553 3397 854 3467 colligunt3
893 3398 959 3452 cf.
990 3399 1184 3452 Busolt
1221 3398 1253 3465 ξ
1290 3398 1388 3452 194
1425 3416 1478 3467 p.
1514 3398 1629 3454 175.
1668 3398 1699 3465 ς
1730 3398 1835 3452 218
1871 3416 1925 3468 p.
1963 3398 2077 3461 192,
2112 3398 2201 3463 13;
2239 3397 2455 3466 Lipsius
2493 3398 2528 3452 l.
2559 3398 2595 3452 1.
2626 3415 2679 3466 p.
2709 3399 2839 3463 9913

382 3488 646 3543 Valeton:
693 3488 959 3542 Mnemos.
995 3506 1050 3541 n.
1089 3505 1129 3541 s.
1168 3487 1271 3542 XV
1307 3506 1362 3557 p.
1403 3490 1451 3542 3.
1527 3487 1634 3542 Sed
1655 3474 1731 3549 *in
1767 3488 1891 3557 lege
1929 3487 1998 3542 de
2033 3486 2383 3542 remittendis
2419 3489 2644 3542 tantum
2679 3504 2839 3556 pecu-

385 3577 494 3633 niis
532 3581 719 3632 actum
755 3576 974 3631 videtur
1011 3577 1202 3642 fuisse3
1248 3595 1384 3631 num
1421 3579 1611 3632 autem
1647 3576 1715 3643 61,
1763 3577 1862 3645 qui
1906 3579 2202 3646 rogaturus
2250 3578 2406 3642 esset,
2454 3579 2519 3631 ut
2556 3577 2843 3646 pensiones

381 3666 488 3721 sibi
533 3666 970 3731 concederentur,
1021 3663 1163 3734 ἀδείᾳ
1209 3685 1344 3736 opus
1389 3666 1575 3732 fuerit,
1626 3684 1735 3721 non
1783 3669 1931 3722 certo
1953 3721 1955 3725 ,
1977 3668 2211 3722 constat.
2286 3667 2353 3720 In
2399 3668 2727 3735 argumento
2772 3664 2843 3720 ad

385 3755 585 3823 [Dem.]
626 3773 699 3810 or.
738 3755 894 3809 XXV
933 3755 1159 3810 dicitur:
1197 3753 1334 3816 τάξιν
1371 3752 1709 3826 αἰτησάμενος
1744 3761 1833 3806 τοῦ
1871 3753 2187 3826 ὀφλήματος,
2225 3755 2369 3809 nihil
2407 3754 2473 3810 de
2509 3755 2674 3810 venia
2709 3755 2843 3809 data

312 3833 316 3837 ’
380 3847 479 3899 aut
513 3862 626 3898 non
662 3844 811 3900 data.
883 3844 1091 3900 Contra
1125 3862 1155 3900 e
1193 3845 1529 3915 Thucydidis
1565 3845 1746 3901 verbis
1783 3846 1866 3900 III
1905 3848 1989 3911 70,
2030 3847 2091 3901 5:
2132 3887 2145 3901 .
2185 3888 2197 3899 .
2239 3888 2251 3901 .
2300 3841 2552 3915 ὀφλόντων
2589 3841 2640 3895 δὲ
2675 3841 2841 3895 αὒτῶν

381 3932 468 3984 καὶ
512 3933 633 4004 πρὸς
679 3935 743 3985 τὰ
787 3930 897 4004 ἱερὰ
941 3931 1156 3985 ἱκετῶν
1193 3932 1645 4004 καθεζομένων
1691 3931 1773 3985 διὰ
1809 3931 2018 4005 πλῆθος
2054 3940 2149 4004 τῆς
2188 3931 2394 4004 ζημίας,
2441 3931 2604 3995 ὅπως
2649 3932 2842 3994 ταξά-

381 4040 557 4092 μενοι
601 4020 909 4074 ὰποδῶσιν
912 4059 1128 4077 .....
1184 4025 1342 4093 sequi
1387 4024 1624 4090 videtur,
1681 4026 1746 4079 ut
1793 4024 1881 4078 his
1928 4042 2146 4093 quoque
2203 4024 2367 4079 venia
2419 4023 2652 4093 rogandi
2706 4041 2841 4094 opus

378 4113 566 4168 fuerit.
639 4113 788 4167 Nam
832 4113 1053 4168 etiamsi
1100 4113 1166 4168 de
1204 4113 1518 4183 Corcyraeis
1566 4114 1670 4168 hoc
1715 4114 1837 4169 loco
1887 4114 2091 4183 agitur,
2141 4116 2332 4169 tamen
2378 4112 2527 4168 idem
2572 4113 2632 4167 in
2675 4113 2840 4168 Athe·

380 4202 657 4257 niensium
691 4220 775 4257 res
813 4202 1108 4258 transferre
1143 4202 1293 4258 licet.
1366 4204 1440 4259 Et
1468 4202 1806 4273 Thucydidis
1843 4220 1975 4258 sane
2010 4203 2208 4272 verbis,
2245 4219 2388 4271 quae
2417 4202 2691 4272 exscripsi,
2730 4221 2842 4257 non

379 4291 620 4346 dilucide
673 4291 878 4347 dicitur
931 4293 1179 4363 rogatori‘
1232 4289 1403 4344 ἄδειαν
1449 4292 1859 4362 impetrandam
1903 4292 2087 4359 fuisse,
2143 4293 2238 4348 sed
2281 4292 2385 4347 hoc
2429 4295 2670 4359 tantum,
2715 4292 2841 4347 illos

379 4381 652 4451 supplices
687 4381 975 4450 pensiones
1013 4401 1048 4437 a
1082 4382 1286 4452 populo
1322 4381 1562 4452 petiisse.
1627 4382 1707 4437 At
1741 4383 1881 4438 haec
1916 4382 2247 4452 supplicatio
2283 4382 2433 4452 leges
2468 4381 2659 4448 violat,
2698 4399 2842 4450 quae

379 4470 650 4526 debitores
687 4471 897 4526 fiscales
934 4471 1130 4526 statim
1165 4471 1402 4541 pendere
1420 4471 1648 4527 iubent.
1725 4470 1982 4526 Ceterum
2027 4471 2227 4526 tributi
2263 4470 2511 4525 remissio
2548 4488 2674 4526 cum
2709 4488 2838 4540 pen-

378 4559 621 4614 sionibus
662 4561 1019 4623 concedendis
1063 4560 1446 4631 coniungitur:
1503 4560 1580 4616 Ο]
1581 4561 1645 4616 Α.
1685 4562 1712 4615 Ι
1748 4562 1836 4615 40.
1876 4589 1941 4599 -
1981 4561 2191 4629 Utique
2235 4561 2487 4615 decretae
2531 4563 2662 4614 sunt
2706 4578 2838 4614 non·

376 4667 665 4717 nunquam
700 4650 1004 4719 pensiones,
1050 4653 1219 4720 atque
1267 4649 1438 4706 etiam
1488 4651 1657 4720 longa
1702 4650 1888 4720 spatia
1932 4649 2269 4705 debitoribus
2307 4649 2441 4704 data
2476 4652 2629 4705 sunt:
2684 4649 2840 4704 velut

380 4738 557 4796 debiti
593 4739 797 4799 solutio
834 4757 879 4797 6.
917 4758 961 4795 6.
999 4739 1061 4796 111
1098 4739 1284 4796 decem
1322 4757 1591 4796 annorum
1627 4739 1916 4810 pensiones
1952 4739 2255 4797 distributa
2289 4741 2397 4806 est3
2435 4738 2502 4794 cf.
2528 4756 2739 4809 argum.
2768 4739 2841 4794 ad
