3567 5392
1548 414 1674 479 145

386 607 700 694 imprimis
764 613 982 675 autem
1042 614 1306 695 propter
1366 609 1556 677 huius
1622 610 1940 676 contionis
2004 609 2526 676 sollemnitatem.
2645 608 2837 687 Quod

388 737 597 800 aeque
658 715 748 781 ad
812 736 1034 783 omnes
1100 736 1325 783 senum
1392 716 1635 782 milium
1702 716 1998 801 suffragii
2062 716 2344 783 lationes
2407 718 2706 803 pertinet,
2771 717 2839 783 in

389 824 620 907 quibus
683 844 813 890 non
874 843 1029 909 pars
1093 824 1318 909 populi
1381 824 1645 890 comitia
1709 824 1925 909 habet,
1991 823 2112 890 sed
2177 829 2352 891 totus
2411 824 2690 911 populus
2750 861 2839 872 --

389 938 502 997 aut
563 930 675 1015 qui
739 930 880 998 eius
941 930 1086 998 vice
1160 931 1510 1014 funguntur
1562 970 1660 1017 -,
1725 936 1798 997 ut
1852 952 2101 998 summa
2155 938 2482 1016 potestate
2543 937 2775 997 utatur.
2790 932 2836 1012 ¹)

390 1039 570 1104 Haec
615 1043 831 1104 autem
886 1037 1148 1104 comitia
1201 1037 1378 1104 nullo
1435 1038 1566 1104 alio
1620 1039 1765 1104 loco
1829 1038 2235 1104 habebantur
2299 1039 2425 1105 nisi
2489 1038 2557 1105 in
2617 1038 2838 1122 foro.2)

392 1145 532 1223 Quo
590 1145 823 1212 civitas
874 1150 1096 1213 vetere
1151 1152 1216 1211 et
1262 1145 1556 1212 sollemni
1601 1167 1799 1230 more,
1859 1154 1931 1211 ut
1977 1144 2237 1230 collegii
2282 1144 2491 1211 instar
2536 1145 2619 1211 de
2646 1146 2840 1212 rebus

392 1252 798 1336 gravissimis
861 1252 1137 1319 consilia
1200 1259 1489 1338 caperet,
1554 1253 1855 1320 convenit
1920 1257 2116 1332 „aaron
2186 1254 2507 1342 φυλάς“,3)
2573 1273 2842 1337 quarum

393 1359 623 1426 heroes
669 1359 735 1424 in
781 1358 1072 1444 proximo
1129 1360 1298 1426 Areo
1358 1359 1525 1426 colle
1580 1360 1881 1426 collocati
1937 1360 2205 1441 erant.⁴)
2296 1360 2373 1425 In
2426 1361 2571 1445 ipso
2626 1359 2840 1426 medio

392 1468 531 1532 foro
586 1487 743 1533 arae
797 1467 1159 1534 Duodecim
1204 1467 1550 1550 Deorum-³³)
1599 1468 1873 1551 fuerunt,
1930 1467 2163 1551 quibus
2221 1467 2675 1552 praesentibus
2730 1488 2842 1552 po-

391 1574 584 1660 pulus
631 1594 946 1640 summum
994 1574 1095 1641 ius
1142 1576 1443 1660 exercuit,
1499 1595 1618 1641 nec
1674 1576 1898 1660 procul
1962 1574 2450 1641 Misericordiae
2513 1595 2648 1659 ara,
2713 1595 2842 1658 qua

397 1681 725 1767 supplices
770 1680 1067 1767 perfugio
1125 1684 1487 1751 utebantur.
1500 1682 1553 1769 ⁶)
1645 1682 1943 1766 Denique
1997 1682 2120 1748 hoc
2173 1682 2336 1760 loco,
2393 1688 2464 1747 ut
2521 1681 2842 1757 Curtius⁷)

395 1788 642 1854 studuit
687 1789 1148 1872 demonstrare,
1195 1789 1500 1874 antiquus
1547 1790 1937 1875 expiationis
1985 1789 2167 1855 locus
2213 1789 2350 1873 fuit,
2377 1787 2841 1872 Leocorium,⁸)

394 1916 519 1978 quo
567 1895 874 1981 populum
933 1897 999 1963 in
1052 1895 1156 1963 his
1211 1897 1631 1964 sollemnibus
1688 1896 2094 1963 contionibus
2147 1903 2367 1963 vetere
2422 1917 2600 1962 more
2655 1915 2844 1961 usum

396 2022 543 2069 esse
598 2002 853 2069 videtur
907 2003 1275 2070 verisimile.
1364 2005 1531 2071 Nam
1584 2004 1851 2090 piacula
1912 2009 1977 2071 et
2031 2003 2449 2070 lustrationes
2505 2023 2651 2069 cum
2705 2002 2841 2067 uni-

396 2110 638 2195 cuique⁴
661 2110 903 2176 actioni
948 2111 1250 2196 publicae
1296 2111 1850 2196 antecedebant,⁹)
1896 2118 2029 2176 tum
2074 2109 2389 2196 imprimis
2432 2110 2657 2196 populi
2697 2130 2842 2175 con-

398 2216 595 2299 ciliis3
656 2218 1057 2285 sollemnitas
1113 2225 1329 2284 autem
1388 2239 1716 2285 sacrorum
1763 2225 1916 2284 ante
1978 2217 2095 2283 illa
2159 2216 2436 2301 comitia,
2490 2217 2556 2282 in
2611 2217 2844 2300 quibus

398 2329 753 2413 ψηφίσματα
797 2326 888 2391 ἐπ’
938 2326 1107 2412 ἀνδρί
1154 2333 1297 2392 rata
1342 2326 1601 2412 fiebant,
1648 2312 2119 2392 immolatorum
2155 2325 2453 2392 Leocorii
2499 2324 2845 2391 sanctitate

398 2440 593 2498 aucta
641 2440 758 2500 est.
849 2434 1031 2501 Haec
1077 2434 1276 2517 igitur
1322 2454 1490 2500 nova
1537 2442 1603 2500 et
1659 2435 1882 2517 gravis
1943 2454 2146 2500 causa
2200 2432 2458 2498 videtur
2512 2452 2677 2516 esse,
2735 2451 2846 2497 cur

399 2539 661 2606 comitia
716 2540 889 2626 ἀδείᾳ
945 2540 1205 2606 dandae
1261 2539 1382 2606 hoc
1437 2541 1582 2607 loco
1637 2541 1864 2607 habita
1919 2541 2066 2607 sint.
2156 2539 2454 2617 Accedit,
2520 2538 2720 2622 quod,
2775 2546 2847 2602 ut

399 2666 596 2731 supra
660 2647 1103 2715 demonstrare
1167 2647 1644 2733 studuimus,¹⁰)
1693 2648 1760 2713 in
1823 2649 1997 2739 ἁδεῖα
2059 2647 2238 2713 notio
2302 2646 2526 2730 aliqua
2589 2645 2677 2710 ad
2739 2665 2844 2710 res

580 2895 619 2962 ¹)
657 2898 724 2951 V.
760 2915 927 2967 supra
962 2917 1079 2968 cap.
1118 2899 1199 2953 III
1234 2898 1458 2968 passim.

581 2984 627 3053 ²)
665 2987 746 3041 De
781 3005 913 3041 voce
948 2985 1155 3057 ἀγορᾶς,
1194 3006 1307 3056 qua
1342 2985 1592 3059 ἐκκλησία
1635 2987 1998 3058 significatur,
2047 2987 2115 3041 cf.
2162 3003 2207 3041 e.
2255 3003 2301 3039 c.
2349 2984 2596 3040 Curtius:
2644 2983 2843 3038 Abhdl.

398 3073 448 3126 d.
487 3074 639 3131 Gott.
687 3076 809 3130 Ges.
856 3077 907 3130 d.
947 3077 1110 3132 Wiss.
1150 3078 1255 3132 XII
1279 3079 1406 3142 1273
1445 3078 1814 3132 Wachsmuth
1861 3077 1897 3129 l.
1937 3077 1970 3130 1.
2011 3077 2036 3130 I
2074 3094 2127 3145 p.
2155 3075 2262 3130 486
2291 3077 2348 3130 et
2375 3074 2502 3130 adn.
2527 3075 2590 3136 3;
2620 3073 2843 3141 Paulyi:

403 3163 846 3235 ›Real·Encycl.‹
887 3167 961 3220 Il
1004 3185 1055 3235 p.
1095 3169 1217 3222 579.

578 3251 622 3322 ⁸)
660 3255 727 3309 cf.
764 3255 958 3310 Busolt
995 3257 1026 3323 ἓ
1070 3259 1168 3311 189
1205 3275 1259 3326 p.
1306 3258 1491 3322 171,2;
1532 3257 1770 3311 Valeton
1807 3259 1844 3311 l.
1883 3258 1919 3310 l.
1958 3257 2059 3310 XV
2096 3275 2149 3326 p.
2187 3258 2272 3310 31.

579 3340 624 3408 ⁴)
664 3344 731 3397 cf.
770 3344 1030 3399 Bursian:
1074 3346 1303 3416 ›Geogr.
1340 3365 1392 3400 v,
1431 3346 1678 3401 Griech.«
1721 3342 1749 3400 I'
1783 3366 1836 3416 p.
1876 3348 1997 3401 283.

579 3430 623 3498 ⁶)
659 3433 741 3487 De
779 3434 883 3488 hac
919 3453 1017 3489 ara
1061 3436 1128 3490 cf.
1177 3437 1371 3490 Herod.
1413 3437 1640 3499 V1108;
1688 3437 1858 3491 Thuc.
1900 3437 1973 3490 Vl
1996 3437 2144 3500 54‚6;
2193 3435 2319 3504 Lyc.
2367 3434 2491 3488 adV.
2538 3434 2719 3488 Leocr.
2758 3432 2843 3486 93.

397 3520 477 3575 De
523 3521 640 3575 eius
687 3522 800 3577 situ
837 3524 903 3578 cf.
944 3523 1311 3580 Wachsmuth
1357 3526 1395 3579 l.
1444 3527 1481 3579 l.
1528 3526 1553 3579 I
1590 3544 1644 3595 p.
1682 3526 1804 3581 200.
1843 3527 1946 3580 201
1997 3528 2055 3579 et
2099 3525 2225 3579 adn.
2265 3525 2324 3589 13
2370 3522 2606 3578 Bursian
2649 3523 2688 3576 l.
2735 3523 2772 3577 l.
2818 3523 2845 3576 Ι

395 3626 447 3677 p.
486 3610 607 3665 281.
2350 3614 2355 3619 ’

578 3698 622 3764 ⁶)
659 3702 741 3755 De
776 3721 903 3757 arae
939 3702 1051 3757 situ
1089 3705 1154 3758 cf.
1195 3705 1562 3759 Wachsmuth
1600 3706 1636 3759 l.
1677 3706 1712 3758 l.
1752 3706 1778 3759 I
1815 3724 1866 3774 p.
1908 3706 2009 3758 211
2049 3705 2177 3760 adn.
2216 3706 2265 3758 7.
2302 3703 2425 3759 212.

579 3785 627 3855 ⁷)
664 3790 730 3844 cf.
769 3791 1097 3847 Monatsber.
1136 3792 1188 3848 d.
1225 3794 1368 3848 Berl.
1406 3794 1585 3849 Akad.
1629 3795 1762 3849 1878
1800 3812 1854 3863 p.
1893 3794 1959 3847 77
1997 3811 2116 3862 sqq.

580 3876 621 3943 8)
661 3881 1007 3951 Thucydides
1049 3883 1076 3938 I
1101 3885 1223 3946 20‚2
1268 3883 1328 3938 id
1373 3887 1763 3940 commemorat
1811 3883 1924 3937 his:
1970 3882 2024 3933 τὸ
2064 3880 2346 3951 Λεωκόριον
2391 3879 2727 3949 καλούμενον;
2774 3880 2842 3934 cf.

399 3966 551 4022 Dem.
592 3969 716 4024 LIV
736 3972 783 4024 7.
858 3972 939 4027 De
994 3972 1105 4026 situ
1162 3973 1403 4028 Leocorii
1457 3974 1525 4028 cf.
1580 3992 1662 4039 ea,
1719 3990 1864 4041 quae
1910 3971 2278 4027 Wachsmuth
2324 3970 2576 4039 exposuit
2621 3970 2842 4035 1204,1.

397 4057 556 4123 2122
584 4078 663 4128 sq.
702 4090 771 4099 —-
809 4062 1009 4117 Forum
1046 4080 1233 4118 eorum
1269 4063 1640 4129 conciliorum,
1680 4063 1747 4117 de
1784 4062 1984 4132 quibus
2021 4060 2228 4131 agitur,
2263 4061 2443 4114 locum
2480 4060 2646 4113 fuisse
2682 4076 2844 4112 nemo

398 4147 511 4203 fere
548 4152 648 4214 est,
697 4151 795 4218 qui
839 4156 1035 4221 neget3
1085 4152 1180 4207 sed
1226 4170 1369 4220 quae
1417 4171 1544 4222 pars
1589 4152 1782 4216 fuerit,
1829 4152 1891 4206 in
1936 4170 2001 4207 eo
2044 4169 2154 4205 non
2198 4148 2550 4204 consentiunt
2595 4148 2844 4203 homines

397 4236 563 4292 docti.
638 4240 686 4292 A
725 4240 913 4294 Curtio
950 4240 1210 4296 dissentit
1246 4242 1486 4297 Valeton
1523 4242 1560 4296 l.
1599 4242 1634 4295 1.
1675 4242 1774 4296 XV
1813 4261 1866 4311 p.
1904 4242 1975 4295 32
2012 4240 2138 4295 adn.
2179 4242 2227 4295 1.

580 4325 623 4396 ⁹)
662 4328 728 4382 cf.
782 4329 1042 4398 Harpocr.
1092 4349 1133 4383 s.
1183 4349 1235 4385 v.
1286 4330 1569 4401 καθάρσιον
1614 4332 1802 4401 (quem
1849 4332 2030 4386 locum
2075 4329 2271 4384 Suidas
2318 4348 2358 4382 s.
2407 4347 2457 4383 v.
2507 4327 2840 4397 exscripsit):

385 4407 557 4477 Ἔθος
614 4409 680 4487 ἦν
728 4415 997 4489 Ἀθὴνησι
1042 4417 1307 4489 καθαίρειν
1360 4420 1457 4488 τὴν
1512 4417 1788 4491 ἐκκλησίαν
1832 4420 1920 4471 καὶ
1965 4421 2028 4470 τὰ
2073 4418 2268 4489 θέατρα
2312 4418 2399 4469 καὶ
2444 4414 2576 4478 ὅλως
2620 4418 2711 4478 τὰς
2755 4423 2843 4468 τοῦ

398 4499 564 4573 δήμω
613 4504 843 4568 συνόδους
891 4514 1085 4579 μικροῖς
1121 4509 1249 4560 πάνυ
1296 4507 1574 4581 χοιριδίοις,
1622 4509 1746 4580 ἅπερ
1792 4506 2053 4580 ὠνόμαζον
2098 4507 2384 4578 καθάρσιας
2431 4506 2680 4563 Curtius:
2728 4507 2840 4561 Mo-

395 4595 633 4649 natsber.
672 4596 722 4650 d.
761 4597 905 4652 Berl.
943 4598 1121 4654 Akad.
1162 4600 1300 4654 1878
1336 4618 1390 4669 p.
1427 4601 1514 4655 81.

538 4737 555 4747 ,
579 4682 648 4752 ¹⁰)
685 4703 737 4740 v.
775 4704 942 4758 supra
976 4687 1106 4743 libri
1142 4688 1372 4744 alterius
1408 4707 1527 4760 cap.
1563 4690 1590 4743 Ι
1626 4710 1669 4744 ε.
1706 4690 1745 4743 f.

2457 4776 2523 4829 10
