3567 5392
1608 432 1690 496 87

414 628 753 711 populum:
805 630 1101 708 δεσπότην
1148 635 1268 691 τῶν
1326 630 1785 713 πολιτευομένων
1843 625 2247 710 significat.²)
2341 628 2569 710 Itaque
2619 626 2674 691 si
2735 626 2878 709 quis

415 733 905 799 Atheniensium
961 733 1386 817 magistratus
1442 771 1530 780 —
1581 735 1690 816 qui
1734 733 1862 798 hac
1907 755 1977 799 re
2024 753 2065 798 a
2110 734 2600 817 magistratibus
2646 735 2871 798 Roma·

414 861 638 905 norum
687 840 954 905 multum
1005 839 1451 919 differebant2)
1483 879 1571 886 —
1602 829 1914 906 accusare
1958 840 2180 924 voluit,
2230 840 2290 905 ei
2337 839 2510 924 ἀδείᾳ
2558 860 2722 925 opus
2748 859 2878 904 non

416 947 621 1013 fuisse
666 953 841 1032 puto,
890 946 1063 1031 quod
1110 947 1448 1012 accusatio
1488 948 1911 1030 magistratus
1948 946 2286 1012 cuiusdam
2313 952 2380 1012 τὸ
2410 952 2606 1032 κὺριον
2635 946 2879 1032 populi,

416 1054 600 1120 cuius
645 1054 766 1118 ille·
803 1074 932 1118 non
963 1055 1293 1139 particeps
1323 1061 1440 1131 est,
1472 1074 1602 1118 non
1632 1053 1855 1119 violat.
1907 1054 1961 1117 E
1993 1055 2332 1138 contrario,
2364 1075 2505 1118 cum
2534 1054 2877 1137 magistra-

413 1167 519 1226 tus
556 1160 624 1225 in
661 1160 1175 1225 administrando
1214 1181 1477 1227 munere
1519 1167 1633 1226 aut
1674 1160 1922 1226 civibus
1965 1168 2078 1225 aut
2105 1162 2198 1225 rei
2233 1161 2534 1245 publicae
2562 1160 2878 1225 iacturam

419 1267 655 1332 inferre
701 1274 947 1351 posset,
993 1267 1211 1333 missis
1260 1268 1647 1351 ambagibus
1679 1286 1821 1331 eum
1853 1287 2164 1332 accusare
2192 1266 2392 1331 licuit.
2452 1267 2617 1330 Tum
2646 1285 2876 1330 nomen

418 1373 557 1439 eius
586 1393 704 1458 per
738 1373 1115 1458 εἰσαγγελίαν
1154 1374 1240 1439 ad
1270 1375 1578 1460 populum
1616 1373 1854 1439 deferri
1891 1375 1998 1439 lex
2036 1374 2228 1439 iussit
2261 1373 2453 1440 venia
2492 1380 2876 1440 accusaturo

390 1500 544 1545 non
592 1480 767 1565 data,
814 1489 885 1545 ut
931 1482 1074 1566 ipse
1123 1480 1529 1548 Schoemann
1588 1480 1911 1565 concedit,
1969 1489 2034 1547 et
2100 1481 2332 1547 eadem
2396 1481 2478 1546 de
2546 1500 2746 1546 causa
2809 1479 2877 1544 in

415 1587 626 1671 prima
671 1588 982 1670 cuiusque
1010 1589 1355 1673 prytaniae
1386 1589 1683 1654 contione
1708 1590 2146 1674 ἐπιχειροτονία
2171 1589 2667 1671 magistratuum
2699 1587 2876 1652 facta

416 1702 535 1761 est.
550 1694 598 1772 3)
674 1695 886 1777 Atque
917 1697 1115 1760 etiam
1144 1696 1444 1779 querelas
1483 1698 1836 1780 (προβολάς)
1871 1695 2049 1780 apud
2078 1696 2384 1780 populum
2415 1694 2498 1760 de
2529 1694 2874 1777 magistra-

415 1801 587 1866 tibus
615 1801 858 1869 habere
885 1803 1084 1882 licuit,
1120 1824 1246 1885 quo
1277 1803 1469 1887 fact0,
1499 1809 1569 1867 ut
1598 1802 1680 1867 de
1700 1802 1802 1868 his
1822 1803 2016 1868 rebus
2035 1803 2102 1866 in
2118 1802 2460 1867 heliastico
2482 1800 2722 1866 iudicio
2745 1800 2874 1866 dis-

416 1915 799 1994 ceptaretur,
840 1910 946 1974 lex
983 1909 1185 1995 fuit.4)
1260 1912 1490 1992 Itaque
1527 1910 1659 1974 iam
1701 1930 1780 1974 ex
1821 1930 1916 1994 eo,
1954 1910 2127 1993 quod
2175 1910 2424 1976 civibus
2451 1909 2875 1992 magistratus

417 2014 730 2098 quosdam
782 2017 1187 2082 accusaturis
1234 2037 1362 2081 non
1412 2036 1666 2100 semper
1701 2015 1908 2083 ἄδειαν
1948 2016 2090 2082 dari
2118 2037 2389 2084 necesse
2417 2016 2555 2100 fuit,
2582 2014 2878 2098 intellegi

414 2129 631 2206 potest
675 2122 857 2187 illam
902 2123 1291 2190 sententiam
1335 2123 1738 2207 probandam
1784 2144 1913 2188 non
1961 2143 2109 2189 esse
2157 2123 2279 2207 vel,
2336 2131 2406 2188 ut
2461 2122 2611 2189 aliis
2658 2121 2874 2188 verbis

414 2237 578 2314 utar,
625 2230 1007 2314 impunitate
1054 2228 1284 2315 (ἀδείᾳ)
1314 2229 1741 2313 magistratus
1798 2230 2201 2296 accusaturis
2261 2250 2389 2294 non
2446 2250 2610 2314 opus
2672 2228 2877 2294 fuisse
2950 2268 2959 2279 ·

417 2356 496 2400 ex
542 2336 681 2401 iure
726 2336 962 2401 Attico.
1020 2338 1108 2401 At
1143 2356 1316 2421 vem,
1363 2357 1515 2401 num
1560 2337 2013 2420 magistratum
2062 2336 2268 2402 cuivis
2315 2336 2440 2403 civi
2483 2336 2622 2402 sine
2651 2334 2876 2420 populi

414 2444 607 2507 venia
653 2463 965 2508 accusare
1015 2443 1285 2527 licuerit,
1345 2450 1618 2525 quaerat
1665 2443 2006 2528 quispiam.
2100 2443 2290 2521 Quod
2355 2444 2597 2528 Lysiae
2661 2442 2876 2507 verbis

420 2545 731 2635 [JK-[1132]
775 2549 1080 2615 docemur
1108 2549 1471 2615 delationes
1502 2559 1856 2637 στρατηγῶν
1898 2558 1962 2615 et
2005 2551 2346 2637 ταξιάρχων
2375 2550 2551 2635 apud
2582 2557 2877 2616 senatum

416 2655 625 2722 factas
672 2678 801 2722 non
848 2657 1204 2740 suffecisse,
1250 2657 1319 2721 id
1368 2657 1628 2740 quidem
1673 2658 1767 2721 ita
1811 2658 2263 2742 explicandum
2293 2657 2567 2741 videtur,
2615 2663 2686 2721 ut
2725 2662 2876 2721 tunc

421 2762 502 2828 de
542 2765 735 2830 rebus
780 2765 1181 2846 gravissimis
1214 2771 1424 2830 actum
1477 2765 1578 2849 sit,
1626 2784 1819 2847 quam
1866 2766 1947 2830 ob
1994 2785 2127 2830 rem
2174 2765 2485 2829 indicium
2531 2763 2618 2827 ad
2664 2764 2877 2847 ipsum

419 2870 728 2954 populum
776 2870 1197 2936 deferendum
1245 2870 1519 2951 fuerit.⁵)
1576 2871 1827 2936 Tamen
1871 2871 2145 2956 primam
2186 2873 2505 2937 actionem
2533 2870 2877 2953 magistra·

417 2976 591 3042 tibus
618 2997 873 3062 semper
901 2978 1035 3042 fere
1065 2978 1130 3041 in
1162 2978 1439 3043 comitiis
1468 2977 1716 3043 intendi
1743 2998 2015 3045 necesse
2044 2978 2247 3044 fuisse
2277 2977 2577 3043 conced0.
2624 2976 2725 3042 Ab
2752 2976 2877 3040 hac

416 3083 614 3166 igitur
681 3085 1019 3168 sententia,
1085 3105 1166 3150 ex
1229 3106 1357 3168 qua
1421 3085 1677 3151 videtur
1739 3087 2190 3169 magistratum
2254 3106 2380 3150 non
2447 3085 2586 3151 sine
2651 3083 2876 3168 populi

415 3190 859 3276 psephismate
890 3192 994 3256 vel
1031 3191 1433 3276 praeiudicio
1472 3191 1539 3256 in
1580 3192 1923 3258 heliastico
1964 3192 2205 3257 iudicio
2245 3212 2555 3258 accusare
2595 3191 2874 3274 licuisse,

415 3317 544 3361 non
590 3297 818 3381 habeo,
867 3297 1040 3380 quod
1088 3297 1553 3379 dissentiam.⁶)

602 3475 641 3537 ¹)
681 3475 758 3529 Cf.
803 3474 995 3542 [Dem.]
1035 3476 1214 3529 LVIII
1252 3479 1338 3529 55.

598 3561 641 3630 ²)
680 3563 745 3619 cf.
793 3563 860 3616 de
896 3565 1002 3618 hac
1047 3581 1106 3619 re
1142 3565 1333 3619 Perrot
1369 3565 1405 3617 1.
1445 3566 1480 3619 l.
1520 3583 1571 3633 p.
1614 3567 1842 3619 74-79.
1905 3564 2461 3632 [Commentationem
2507 3566 2573 3619 K.
2613 3565 2702 3618 Fr.
2740 3565 2873 3617 Her-

415 3651 629 3705 manni:
656 3653 1076 3719 »quaestionum
1103 3653 1171 3708 de
1196 3654 1315 3709 iure
1352 3657 1410 3709 et
1448 3654 1784 3709 auctoritate
1820 3654 2254 3724 magistratuum
2293 3654 2441 3724 apud
2470 3655 2602 3708 Ath.
2635 3671 2753 3722 cap.
2784 3653 2869 3706 11«

416 3741 769 3810 (Heidelberg
807 3742 968 3809 1829)
1004 3743 1275 3812 inspicere
1312 3743 1452 3797 mihi
1489 3762 1599 3797 non
1635 3742 1840 3810 licuit].

598 3826 642 3897 ⁸)
678 3830 743 3884 cf.
793 3831 987 3885 Busolt
1032 3832 1063 3898 ξ
1119 3833 1213 3886 173
1261 3851 1314 3902 p.
1362 3834 1461 3886 154
1498 3851 1603 3900 sq.;
1676 3833 1742 3887 cf.
1802 3833 1974 3887 etiam
2027 3832 2615 3887 Hauvette·Besnault
2669 3849 2722 3900 p.
2779 3832 2874 3894 62;

419 3918 682 3973 Valeton:
721 3920 983 3974 Mnemos.
1022 3939 1077 3974 n.
1115 3939 1157 3974 S.
1198 3922 1302 3975 XV
1341 3940 1393 3990 p.
1433 3922 1554 3976 380.

599 4007 643 4073 ⁴)
681 4008 748 4062 cf.
789 4008 983 4064 Busolt
1020 4008 1052 4076 ὅ
1094 4010 1195 4063 192
1231 4028 1284 4079 p.
1328 4010 1445 4065 173.

600 4095 650 4163 ⁸)
688 4096 757 4150 cf.
795 4097 990 4152 Busolt
1026 4097 1058 4165 ξ
1100 4099 1201 4151 192
1238 4117 1294 4167 p.
1339 4098 1439 4152 173
1479 4102 1536 4152 et
1564 4098 1689 4152 adn.
1727 4100 1777 4153 5.

596 4183 641 4251 ⁶)
679 4185 831 4239 Idem
860 4186 998 4240 dicit
1027 4186 1268 4255 Lipsius:
1295 4188 1444 4242 »Att.
1468 4187 1650 4241 Proc.«
1677 4205 1729 4256 p.
1751 4187 1855 4240 337
1870 4208 1881 4250 ;
1903 4187 1969 4241 cf.
1991 4187 2162 4241 etiam
2182 4187 2549 4242 Schoemann:
2575 4186 2870 4255 »Antiqus

413 4291 466 4341 p.
504 4274 625 4328 232.
667 4302 732 4311 —
775 4274 901 4329 Alia
937 4275 1371 4345 magistratuum
1407 4276 1466 4329 in
1512 4276 1808 4330 manifesto
1861 4277 2061 4330 scelere
2115 4276 2575 4344 deprehensorum
2629 4275 2876 4330 condicio

415 4363 636 4417 videtur
670 4363 854 4428 fuisse,
893 4381 1028 4431 quos
1065 4382 1161 4433 per
1199 4361 1400 4424 ἔνδειξιν
1439 4365 1527 4419 vel
1565 4382 1663 4433 per
1697 4362 1985 4434 ἀπαγωγήν
2023 4382 2278 4420 accusare
2314 4365 2534 4420 licuisse
2575 4365 2875 4420 verisimile

416 4454 514 4505 est.
588 4450 653 4504 Id
691 4452 915 4519 quidem
953 4453 1019 4506 de
1057 4454 1383 4521 prytanibus
1435 4453 1524 4520 [de
1561 4454 1647 4508 his
1695 4454 1762 4508 cf.
1811 4454 1978 4507 Arist.
2025 4455 2140 4507 Pol.
2189 4454 2270 4508 III
2295 4456 2353 4507 11
2404 4473 2457 4524 p.
2501 4455 2637 4508 1282
2649 4472 2706 4519 a;
2743 4455 2873 4522 Lyc.

414 4539 536 4593 adv.
576 4541 759 4594 Leocr.
802 4543 893 4605 79;
935 4542 1244 4596 Hermann:
1289 4542 1412 4596 »Gn
1454 4543 1598 4596 Alt.‹
1644 4541 1697 4596 1⁶
1740 4544 1926 4607 125,4;
1966 4543 2227 4597 Frankel:
2281 4543 2415 4597 »Die
2453 4546 2555 4598 att.
2585 4543 2871 4598 Geschwo·

411 4646 726 4697 renenger.‹
768 4648 821 4699 p.
861 4629 955 4698 22]
986 4630 1285 4685 officiorum
1322 4631 1734 4686 immemorib‘us
1762 4632 1970 4696 valuit3
2000 4633 2068 4686 cf.
2098 4634 2252 4687 Dem.
2293 4632 2474 4685 XXIV
2494 4634 2562 4685 22
2590 4630 2669 4698 (in
2692 4632 2870 4702 lege);

412 4717 475 4771 cf.
534 4718 708 4772 etiam
761 4719 995 4773 titulum
1050 4721 1301 4774 Atticum
1350 4721 1491 4776 OJA.
1540 4722 1566 4774 Ι
1588 4722 1672 4784 37,
1720 4720 1818 4774 ubi
1859 4739 1938 4774 vs,
1976 4722 2043 4774 25
2065 4739 2180 4789 sqq.
2230 4721 2496 4775 eiusmodi
2545 4721 2874 4790 prytanibus

412 4807 595 4861 multa
631 4808 919 4862 statuitur.
