3567 5392
1621 446 1708 510 99

427 639 700 706 licuisse
749 641 1014 706 sceleris
1062 661 1102 704 a
1150 640 1407 706 domino
1456 642 1780 707 commissi
1829 641 2141 707 indicium·
2176 642 2392 708 facere
2422 663 2458 708 e
2487 643 2690 727 Lysia
2721 643 2803 727 [V
2825 643 2891 727 5]

424 745 692 813 videtur
738 754 983 832 patere.
999 747 1045 833 ¹)

612 871 712 936 Ex
740 870 861 957 his,
890 893 1057 956 quae
1088 871 1386 955 diximus,
1426 880 1702 958 apparet
1727 873 1933 939 ἄδειαν
1963 873 2141 938 illam
2175 893 2302 938 non
2340 872 2438 953 ‘ad
2483 874 2888 957 rogationem

424 978 762 1062 quandam
811 979 1143 1046 ferendam
1188 981 1458 1065 petitam
1516 1000 1681 1059 esse,
1741 979 1860 1046 sed
1915 1001 2033 1065 per
2090 1001 2160 1046 se
2214 978 2429 1065 ipsam
2482 980 2887 1065 impunitatis

427 1087 917 1171 possessionem
944 1086 1169 1152 utilem
1196 1087 1400 1152 fuisse
1430 1087 1713 1152 criminis
1752 1086 2029 1152 alicuius
2070 1086 2389 1152 affinibus.
2455 1087 2686 1170 Itaque
2724 1089 2890 1153 ratio

431 1193 625 1259 huius
672 1193 879 1267 ἀδείας
925 1193 1182 1258 dandae
1232 1193 1491 1260 diversa
1539 1202 1639 1260 est
1686 1195 1770 1259 ab
1819 1214 1915 1278 ea,
1964 1214 2156 1277 quam
2202 1195 2267 1258 in
2315 1194 2478 1259 libro
2528 1195 2732 1261 altero
2782 1216 2890 1260 ex-

422 1301 834 1386 ponemus3²>
881 1308 953 1366 ut
1007 1301 1374 1367 accuratius
1431 1301 1671 1366 dicam:
1720 1301 1845 1366 hoc
1899 1301 2307 1385 privilegium
2366 1300 2684 1367 eiusmodi
2736 1312 2894 1387 erat,

431 1414 505 1471 ut
548 1407 616 1471 in
664 1407 912 1491 eadem,
941 1408 1008 1472 in
1055 1428 1184 1492 qua
1232 1408 1317 1473 ad
1364 1408 1670 1494 populum
1720 1407 2065 1492 ferebatur,
2096 1409 2392 1472 contione
2440 1415 2651 1473 ratum
2678 1407 2892 1491 fieret3

423 1513 554 1581 sed
599 1522 809 1579 utrum
856 1515 924 1580 id
972 1536 1013 1579 a
1062 1535 1177 1581 sex
1224 1515 1482 1582 milibus
1531 1515 1764 1580 civium
1812 1514 1988 1580 haud
2035 1515 2247 1580 minus
2276 1515 2587 1599 impertiri
2618 1535 2893 1582 necesse

433 1621 628 1686 fuerit
672 1641 892 1707 necne,
941 1622 1309 1707 disceptare
1356 1643 1484 1687 non
1531 1622 1820 1699 aude0.³)
1880 1622 2173 1687 Ceterum
2218 1621 2461 1687 indicia
2509 1622 2894 1707 saepissime

422 1728 521 1792 ad
568 1735 860 1794 senatum
911 1729 1133 1794 delata
1163 1731 1392 1815 sunt,4)
1423 1730 1549 1814 qui,
1578 1750 1704 1812 quo
1745 1736 2032 1813 tempore
2076 1726 2462 1814 αὐτοκράτωρ
2510 1728 2645 1810 fuit,
2695 1730 2895 1796 etiam

425 1835 835 1921 impunitatis
876 1836 1136 1903 dandae
1182 1843 1575 1921 potestatem
1619 1835 1985 1916 habebat.⁵)

700 2030 762 2095 2.
809 2033 921 2098 De
968 2034 1173 2117 ἀδείᾳ
1221 2033 1388 2099 sive
1434 2032 1595 2097 fide
1640 2031 1958 2116 publica
2007 2031 2620 2099 Atheniensium.

611 2177 670 2223 a.
715 2156 826 2222 De
883 2157 1047 2222 fide
1101 2156 1443 2242 publica,
1511 2177 1706 2240 quae
1773 2156 1868 2220 ad
1933 2156 2054 2221 ius
2120 2156 2511 2241 publicum
2575 2156 2893 2221 Atheni-

421 2264 727 2329 ·ensium
777 2266 1147 2350 pertinet,
1196 2265 1258 2332 h.
1309 2285 1362 2331 e.
1412 2264 1772 2331 exulibus
1820 2264 1897 2327 in
1944 2264 2287 2349 patriam
2332 2263 2718 2330 redituris
2777 2283 2894 2328 ac-

421 2369 826 2452 -quirenda

608 2478 793 2543 Nunc
836 2479 987 2542 'iam
1052 2477 1135 2543 de
1199 2498 1279 2543 ea
1345 2477 1517 2562 ἀδείᾳ
1582 2477 1908 2563 copiosius
1977 2476 2298 2544 disserere
2354 2475 2512 2541 mihi
2566 2479 2892 2562 proposui,

419 2604 601 2667 quae
657 2584 724 2649 in
769 2584 909 2650 iure
955 2585 1214 2670 publico
1262 2586 1692 2649 Romanorum
1754 2584 1958 2663 „fides
2006 2583 2376 2670 publica“⁰)
2424 2591 2711 2651 vocatur.
2806 2584 2891 2650 Et

429 2691 707 2775 primum
753 2691 1033 2775 quidem,
1084 2699 1429 2777 postquam
1473 2691 1667 2757 fidem
1714 2691 2039 2776 publicam
2087 2692 2154 2754 in
2187 2691 2313 2756 duo
2344 2710 2587 2774 genera
2617 2690 2892 2756 distinx-

419 2798 688 2883 erimuS,
736 2819 1004 2881 quorum
1050 2801 1322 2864 alterum
1370 2798 1456 2863 ad
1501 2799 1603 2864 ius
1649 2798 1995 2882 publicum,
2043 2798 2316 2863 alterum
2354 2796 2441 2861 ad
2468 2799 2570 2864 ius
2601 2799 2889 2880 gentium

423 2911 705 2990 spectat,
754 2905 836 2970 de
881 2906 1041 2972 iuris
1088 2906 1330 2991 publici
1377 2906 1691 2983 instituto,
1731 2905 1792 2970 h.
1832 2926 1886 2971 e.
1926 2904 2007 2970 de
2044 2904 2174 2969 fide
2213 2904 2475 2990 publica
2517 2905 2655 2970 sive
2694 2906 2889 2970 venia

419 3012 533 3077 vel
582 3012 966 3097 impunitate
1011 3012 1304 3079 Athenas
1351 3012 1665 3079 redeundi
1712 3012 2008 3078 exulibus
2056 3011 2471 3097 acquirenda,
2518 3032 2806 3095 agemus.

614 3207 658 3276 ι)
700 3208 780 3264 cf.
819 3209 1083 3264 Schenklz
1127 3210 1387 3264 »Wiener
1422 3209 1608 3264 Stud.«
1652 3209 1856 3272 112183
1893 3208 2110 3277 Lipsius
2148 3208 2184 3261 l.
2222 3210 2259 3263 1.
2298 3226 2352 3277 p.
2392 3211 2509 3262 751.

614 3314 658 3381 ²)
693 3317 844 3371 Haec
865 3317 1031 3381 enim,
1069 3317 1137 3371 de
1173 3334 1287 3385 qua
1322 3333 1567 3386 agemus,
1604 3315 1750 3370 ratio
1788 3316 1859 3370 ad
1888 3316 2127 3370 alterum
2165 3312 2336 3376 ἀδείας
2364 3333 2539 3385 genus
2566 3333 2732 3384 supra
2759 3315 2888 3381 (sub

421 3406 499 3473 A)
544 3409 853 3462 tractatum
888 3406 1147 3475 pertinet.

612 3512 655 3581 ⁸)
693 3513 932 3568 Omnino
968 3514 1106 3568 haec
1154 3509 1312 3578 ἄδεια,
1361 3530 1530 3581 quam
1574 3530 1862 3580 nunquam
1915 3511 2190 3566 indicibus
2244 3530 2356 3566 non
2409 3529 2719 3567 concessam
2773 3530 2889 3568 esse

415 3606 583 3672 puto,
618 3602 762 3656 nihil
809 3603 963 3657 aliud
1009 3602 1119 3657 nisi
1166 3602 1500 3657 caerimonia
1546 3601 1767 3656 videtur
1810 3601 1980 3656 fuisse
1993 3643 2006 3667 ,
2054 3619 2179 3655 cum
2222 3602 2428 3656 veritas
2473 3601 2666 3657 indicii
2698 3602 2888 3657 ,delati

428 3691 659 3746 maximi
695 3692 961 3746 momenti
998 3692 1169 3747 fuerit
1208 3691 1303 3758 (cf.
1341 3690 1702 3761 Frohbergeri
1749 3691 1878 3745 adn.
1927 3691 1997 3745 ad
2045 3691 2169 3760 Lys.
2207 3691 2341 3745 XIII
2377 3691 2464 3746 55.
2504 3693 2616 3760 50).
2702 3694 2886 3761 Atque

428 3779 792 3834 heliastarum
820 3780 1026 3835 iudicio
1062 3780 1204 3834 illud
1232 3780 1424 3850 populi
1453 3779 1733 3835 decretum
1762 3783 1820 3834 et
1846 3780 2079 3848 probare
2107 3782 2164 3834 et
2193 3779 2457 3849 abrogare
2484 3780 2702 3835 licuisse
2731 3786 2883 3850 puto,

426 3869 627 3937 Itaque
681 3870 1003 3934 Andocides,
1051 3870 1137 3924 cni
1178 3865 1349 3920 ἄδειαν
1385 3868 1578 3923 datam
1615 3885 1729 3923 esse
1766 3869 1966 3922 scimus
2005 3867 2091 3935 [cf.
2130 3868 2336 3923 Andoc.
2373 3868 2429 3923 II
2465 3869 2559 3933 233
2599 3868 2766 3938 [Lya]
2804 3870 2886 3924 VI

427 3958 540 4026 43],
587 3962 780 4028 postea
829 3977 864 4013 a
908 3959 1113 4028 populo
1148 3959 1332 4028 petiit,
1371 3961 1436 4012 ut
1472 3954 1618 4008 ἄδεια
1655 3957 1928 4028 abrogata
1964 3958 2070 4012 sibi
2105 3957 2515 4021 restitueretur3
2563 3957 2629 4012 cf.
2678 3958 2883 4012 Andoc.

426 4047 481 4102 II
502 4050 587 4104 23.
626 4049 712 4101 27.
798 4048 951 4114 Quae
1000 4066 1125 4103 cum
1172 4049 1257 4102 ita
1301 4047 1432 4112 sint,
1477 4048 1623 4102 hanc
1667 4043 1840 4098 ἄδειαν
1884 4047 2124 4117 simplici
2168 4047 2543 4116 psephismate
2576 4046 2884 4117 irrogatam

412 4154 544 4191 esse
580 4136 861 4192 existimet
896 4137 1192 4206 quispiam,
1240 4154 1581 4204 quamquam
1616 4136 1676 4190 id
1719 4135 1994 4191 incertum
2045 4139 2153 4200 est3
2201 4135 2268 4190 cf.
2306 4135 2572 4190 Valeton:
2619 4136 2882 4192 Mnemos.

425 4245 481 4280 n.
537 4245 578 4280 s.
623 4227 726 4281 XV
772 4246 827 4296 p.
874 4227 923 4292 2,
972 4227 1069 4295 qui
1108 4225 1419 4280 contendit:
1465 4227 1656 4280 »haec.
1679 4267 1691 4281 .
1740 4224 1838 4289 (sc.
1877 4225 2182 4295 impunitas
2218 4224 2501 4279 indicandi
2538 4225 2750 4292 delicti)
2785 4244 2887 4296 per

411 4316 660 4385 simplex
695 4315 1091 4384 populiscitum
1127 4315 1458 4384 irrogatur«.

608 4422 652 4489 4)
689 4422 755 4476 of.
793 4423 988 4477 Busolt
1024 4421 1056 4489 ς
1099 4423 1199 4476 185
1235 4440 1289 4492 p.
1329 4422 1447 4476 167.

607 4527 651 4598 ⁸)
690 4529 757 4583 cf.
809 4529 1014 4583 Andoc.
1062 4529 1129 4583 de
1175 4531 1340 4598 myst.
1379 4530 1409 4596 ξ
1454 4528 1518 4582 15
1564 4532 1620 4583 et
1666 4546 1746 4594 ea,
1797 4546 1939 4596 quae
1986 4528 2140 4583 Blass
2194 4528 2254 4582 in
2309 4529 2440 4583 edit.
2498 4529 2663 4597 (Lips.
2721 4528 2882 4595 1880)

424 4618 596 4688 praef.
634 4637 687 4688 p.
726 4619 805 4672 XI
842 4619 1092 4673 adnotat.

608 4722 653 4792 ⁶)
690 4725 899 4780 recenti
936 4725 1183 4779 nomine:
1228 4725 1491 4781 »sicheres
1530 4724 1765 4780 Geleit«.

2498 4810 2562 4865 7*
