3567 5392
691 621 849 668 usus
896 600 1195 669 adhiberi
1242 600 1430 668 nefas
1479 609 1596 686 est,
1651 601 1854 667 nihilo
1910 609 2127 667 tamen
2175 602 2386 668 secius
2434 602 2666 668 civitas
2712 602 2779 667 in
2826 601 3164 685 angustiis:

690 728 900 773 rerum
941 709 1195 774 aerario
1226 729 1413 774 sacro
1447 708 1533 774 ad
1564 730 1726 793 eam,
1774 730 1942 793 quae
1970 707 2212 794 populo
2243 708 2729 776 Atheniensium
2758 708 3151 793 gravissima

690 814 963 900 videtur,
981 836 1116 881 rem
1134 816 1349 901 utitur,
1361 816 1448 881 ad
1467 816 1561 883 rei
1582 817 1883 902 publicae
1896 815 2203 883 videlicet
2222 817 2516 883 salutem.
2544 816 2974 883 Athenienses
2987 815 3162 881 deos

692 923 1035 1006 insigniter
1080 922 1324 990 divitiis
1374 932 1621 1008 ornant,
1668 944 1798 989 non
1827 944 1904 989 eo
1936 945 2095 990 sane
2125 923 2414 1009 consiliO,
2461 930 2531 988 ut
2561 924 2757 989 etiam
2786 923 2854 988 in
2884 922 3163 989 summis

693 1020 999 1115 periculis
1040 1038 1125 1097 'et
1181 1029 1506 1114 angustiis
1562 1031 1647 1096 ab
1693 1031 1775 1096 iis
1821 1052 2054 1098 manus
2102 1031 2489 1109 abstineant,
2551 1030 2670 1097 sed
2716 1038 2787 1096 ut
2831 1029 2933 1095 his
2980 1029 3164 1095 alias

692 1136 965 1221 integris
1011 1137 1402 1221 intactisque
1449 1137 1682 1224 opibus
1728 1158 1863 1203 rem
1910 1138 2235 1222 publicam
2283 1158 2544 1204 servare
2590 1138 2862 1222 possint.
2939 1134 3152 1213 Quam

694 1244 1010 1309 rationem
1076 1244 1281 1310 secuti
1327 1244 1759 1311 Athenienses
1817 1245 2130 1330 pecunias
2187 1265 2269 1310 ex
2316 1245 2569 1310 aerario
2619 1264 2807 1310 sacro
2853 1244 2920 1308 in
2966 1263 3176 1321 usum,

696 1349 1022 1435 publicum
1070 1349 1448 1436 depromere
1495 1352 1642 1418 ausi
1690 1361 1857 1418 sunt.

876 1455 1036 1522 Cum
1063 1457 1337 1523 Athenis
1385 1459 1780 1544 temporibus
1828 1457 1983 1524 belli
2030 1458 2572 1543 Peloponnesiaci
2617 1457 2744 1523 tria
2771 1455 3160 1542 templorum

696 1565 952 1630 aeraria
1006 1562 1211 1631 fuisse
1258 1571 1526 1650 constet,
1594 1565 1927 1631 Minervae
1981 1564 2293 1651 Poliadis‚
2360 1565 2704 1649 Victoriae,
2764 1563 3159 1647 reliquorum
3275 1560 3280 1564 ’

696 1669 1046 1754 deorum‚¹)
1108 1671 1459 1756 quaeritur,
1527 1693 1568 1737 a
1624 1693 1750 1755 quo
1808 1673 2062 1738 aerario
2118 1673 2397 1758 populus
2453 1672 2765 1758 pecunias
2822 1678 3164 1737 mutuatus

697 1778 799 1844 sit.
895 1776 1086 1854 Quod
1153 1776 1234 1844 de
1292 1778 1494 1845 solius
1550 1779 1881 1846 Minervae
1944 1779 2239 1864 pecuniis
2295 1779 2539 1844 factum
2599 1789 2746 1845 esse
2802 1777 3163 1843 existimes.

696 1884 780 1950 Et
850 1905 921 1951 re
991 1905 1148 1950 vera
1222 1885 1410 1951 huius
1484 1884 1652 1951 deae
1726 1887 1979 1953 aerario
2057 1887 2336 1972 populus
2401 1893 2663 1971 praeter
2718 1891 2936 1951 cetera
2995 1902 3163 1949 usus

698 1997 817 2058 est.
841 1991 890 2072 ²)
983 1993 1151 2059 Nam
1207 2012 1352 2058 cum
1405 1993 1471 2057 in
1518 1993 1849 2059 Minervae
1906 1993 2109 2061 tutela
2166 2000 2231 2059 et
2286 1994 2439 2059 urbs
2489 2000 2554 2060 et
2602 1998 2914 2080 συμμαχία
2958 1990 3154 2056 Athe-

697 2097 1018 2164 niensium
1064 2098 1272 2184 fuerit,
1329 2100 1497 2166 sicut
1540 2101 1824 2166 maxime
1871 2101 2139 2168 deorum
2186 2100 2374 2167 donis
2423 2108 2654 2166 ornata
2702 2109 2802 2166 est
2846 2099 3164 2181 Minerva,

698 2204 840 2270 eius
896 2205 1210 2289 imprimis
1266 2205 1386 2271 fuit
1440 2207 1582 2272 urbi
1636 2207 1703 2272 in
1760 2206 2131 2274 discrimine
2187 2228 2398 2273 rerum
2452 2207 2851 2292 patrocinari
2908 2212 2975 2270 et
3019 2203 3164 2287 opi*

698 2311 973 2397 tulari.³)
1073 2313 1488 2397 Reliquorum
1546 2313 1807 2397 quidem
1866 2314 2131 2380 deorum
2185 2314 2432 2381 reditus
2487 2314 2910 2398 vectigalia⁴)
2970 2317 3168 2378 erant

701 2427 766 2484 et
813 2417 1002 2500 dona,
1047 2419 1340 2486 Minerva
1386 2427 1604 2487 autem
1650 2422 1848 2487 etiam
1886 2422 2283 2507 tributorum,
2322 2423 2631 2488 bonorum
2665 2419 3165 2506 publicatorumr

699 2525 1042 2591 multarum
1116 2526 1337 2609 aliqua
1409 2534 1596 2612 parte
1669 2529 1753 2594 ab
1817 2528 2320 2596 Atheniensibus
2386 2528 2767 2594 donabatur.
2782 2526 2833 2613 ⁵)
2926 2526 3166 2607 Itaque

704 2633 1045 2718 maximae,
1093 2653 1261 2716 quae
1306 2634 1374 2698 in
1420 2633 1609 2701 huius
1658 2635 1825 2702 deae
1871 2637 2123 2703 aerario
2155 2642 2580 2702 coacervatae
2611 2641 2775 2713 sunt,
2822 2632 3167 2720 pecuniae.

702 2739 853 2805 dum
903 2740 1194 2806 Athenae
1249 2741 1316 2806 in
1369 2741 1676 2826 periculis
1731 2751 2097 2829 versantur,
2163 2744 2229 2808 in
2286 2743 2378 2810 rei
2434 2742 2734 2828 publicae
2790 2760 2976 2807 usum
3031 2737 3160 2802 adv

700 2847 908 2913 hiberi
972 2847 1203 2917 solent.
1319 2848 1394 2916 E.
1456 2869 1507 2917 c.
1580 2850 1748 2917 inter
1823 2870 2028 2917 annos
2101 2847 2297 2937 43312
2372 2857 2437 2916 et
2500 2847 2695 2937 427s¹6
2765 2847 2850 2913 ad
2917 2846 3162 2912 bellum

702 2956 1056 3039 gerendum
1115 2976 1197 3021 ex
1252 2956 1505 3021 aerario
1552 2956 1848 3024 Poliadis
1901 2958 2049 3043 plus
2105 2964 2409 3041 quattuor
2460 2956 2642 3024 milia
2688 2955 3000 3021 talentum
3046 2951 3159 3019 de·

704 3070 1002 3147 prompta
1069 3069 1134 3129 et
1197 3062 1387 3128 annis
1450 3064 1939 3147 insequentibus
2006 3066 2203 3132 etiam
2264 3064 2513 3131 reditus
2577 3063 2773 3129 annui
2829 3058 3162 3144 absumpti

704 3167 937 3255 sunt.⁶)
1012 3168 1141 3235 Sed
1186 3169 1466 3255 populus
1496 3171 1825 3238 Minervae
1873 3173 2103 3257 opibus
2131 3192 2261 3237 non
2290 3177 2628 3238 contentus
2656 3170 2851 3236 etiam
2881 3168 3156 3251 reliquo-

704 3297 844 3342 rum
891 3276 1156 3341 deorum
1204 3278 1458 3343 aerario
1505 3279 1822 3344 utebatur.
1918 3280 2108 3345 Velut
2165 3279 2296 3344 iam
2342 3299 2511 3344 anno
2558 3279 2690 3344 435
2737 3276 3032 3363 populus,
3088 3278 3170 3338 ut-

705 3383 986 3449 ducenta
1030 3383 1279 3449 talenta
1324 3384 1712 3468 reliquorum
1760 3385 2027 3452 deorum
2074 3386 2328 3452 aerario
2374 3384 2816 3469 redderentur,
2864 3381 3080 3462 scivit3
3105 3379 3166 3466 Ἰ)

704 3499 771 3555 et
825 3490 1022 3576 paulo
1078 3500 1228 3576 post
1285 3512 1337 3557 e.
1396 3512 1447 3557 c.
1503 3512 1544 3557 a
1591 3513 1795 3577 parvo
1846 3493 2174 3559 Victoriae
2231 3493 2505 3576 aerario,
2571 3490 2742 3576 quod
2808 3489 3164 3575 separatim

705 3618 747 3663 a
803 3598 1097 3684 pecuniis
1142 3599 1473 3665 Minervae
1528 3600 2191 3687 administrabatur,⁸)
2257 3600 2385 3666 duo
2443 3607 2509 3667 et
2563 3599 2792 3683 viginti
2840 3597 3085 3663 talenta
3103 3594 3164 3674 ⁹)

893 3813 937 3880 ¹)
976 3813 1054 3867 Cf.
1097 3813 1325 3868 Beloch:
1364 3815 1434 3869 N.
1473 3814 1578 3867 Rh.
1618 3815 1755 3869 MuS.
1796 3815 2029 3869 XXXIX
2066 3816 2152 3870 56.

889 3901 931 3970 ²)
969 3903 1038 3956 cf.
1079 3902 1224 3957 cJA.
1262 3903 1289 3956 I
1327 3904 1396 3956 32
1435 3903 1495 3957 Β.

889 3991 931 4060 ⁸)
969 3993 1034 4046 cf.
1071 3992 1265 4046 Busolt
1302 3993 1333 4059 ξ
1371 3994 1476 4047 213
1512 4010 1566 4061 p.
1609 3994 1725 4047 189.

888 4081 938 4149 ⁴)
976 4082 1207 4151 Templa
1243 4099 1353 4136 non
1389 4081 1550 4137 modo
1592 4080 1835 4152 »τεμένηα
1854 4123 1866 4147 ,
1925 4082 2019 4136 sed
2065 4082 2232 4136 etiam
2283 4081 2420 4135 alios
2458 4098 2619 4150 agros
2666 4078 3045 4148 possidebant;
3092 4076 3170 4131 cf.

706 4171 1149 4226 Bfichsenschiitz
1185 4171 1222 4225 l.
1259 4171 1296 4225 1.
1335 4189 1388 4241 p.
1428 4173 1495 4226 64
1534 4189 1652 4240 sqq.

890 4259 934 4328 ⁵)
971 4261 1037 4315 cf.
1075 4261 1229 4315 Dem.
1269 4261 1451 4315 XXIV
1491 4262 1592 4315 120
1605 4283 1618 4326 ;
1668 4261 1810 4315 GJA.
1851 4261 1930 4315 IV
1975 4263 1994 4313 1
2037 4259 2167 4314 fasc.
2207 4259 2304 4314 alt.
2344 4278 2397 4329 p.
2439 4260 2506 4313 16
2545 4277 2597 4312 n.
2637 4259 2732 4322 343
2773 4257 2970 4312 Busolt
2998 4259 3028 4321 ξ
3057 4256 3173 4310 213

706 4367 759 4419 p.
805 4350 928 4414 189;
967 4349 1407 4404 Bflchsenschfitz
1442 4350 1478 4403 l.
1517 4350 1554 4404 l.
1591 4368 1645 4419 Ρ.
1684 4351 1788 4404 506
1827 4367 1905 4417 sq.

890 4438 938 4496 ⁶)
976 4439 1042 4493 cf.
1082 4439 1401 4493 Holwerda:
1440 4440 1701 4494 Mnemos.
1740 4458 1795 4492 n.
1835 4457 1874 4493 s.
1914 4439 2044 4493 XIV
2082 4457 2134 4508 Ρ.
2181 4439 2295 4493 109.

891 4525 940 4596 ⁷)
977 4528 1044 4583 cf.
1084 4528 1227 4583 OJA.
1267 4529 1294 4582 Ι
1330 4529 1416 4583 32.
1458 4529 1589 4593 2733
1628 4528 1825 4583 Busolt
1862 4528 1893 4594 ξ
1930 4527 2036 4582 213
2073 4546 2127 4598 Ρ.
2172 4530 2287 4583 189.

891 4617 938 4687 ⁸)
976 4618 1042 4673 cf.
1082 4618 1225 4674 CJA.
1263 4619 1289 4672 I
1328 4619 1448 4673 273.

891 4707 934 4774 ⁹)
972 4709 1039 4762 cf.
1078 4708 1279 4762 Beloch
1320 4709 1354 4763 l.
1393 4708 1430 4761 l.
1470 4706 1699 4761 XXXIX
1740 4707 1863 4762 244.
