3567 5392
1602 377 1688 439 95

411 570 713 637 enuntiat
758 570 1281 636 Andromachum
1328 591 1583 637 servum
1630 571 1696 635 in
1743 569 2148 636 Alcibiadem
2196 570 2507 635 indicium
2554 569 2871 635 facturum

415 677 866 762 mysteriorum
914 678 1256 760 laesorum,
1306 677 1363 742 si
1409 677 1610 743 ἄδειαν
1666 678 2130 762 impetraverit.
2222 677 2434 760 Atque
2491 677 2660 761 ἀδείᾳ
2717 676 2873 740 data

415 784 904 850 Andromachus
953 784 1259 849 indicium
1309 784 1534 850 defert.
1592 783 1734 861 Quo
1763 786 1907 850 loco
1956 791 2173 849 orator
2201 785 2304 851 his
2333 785 2550 851 verbis
2580 784 2777 849 utitur
2790 782 2869 868 1);

428 944 444 960 .
473 944 488 960 .
517 897 653 960 ,καὶ
697 893 801 958 ἐὰν
850 894 1197 979 ψηφίσησθε
1243 890 1513 976 ἄδειανῖ)
1553 891 1650 975 (ᾧ)
1681 891 1799 975 ἐγὼ
1844 896 2087 968 κελευω,
2135 895 2423 977 θεράπων
2471 889 2601 979 ὃμῖν
2647 892 2872 956 ἐνθάδε

411 998 545 1071 ἑνὸς
575 1011 690 1065 τῶν
729 998 978 1083 ἀνδρῶν,
1008 997 1279 1085 ἀμὺητος
1323 996 1403 1063 ὢν
1450 997 1568 1083 ἐρεῖ
1612 1002 1688 1063 τὰ
1737 1004 2047 1085 μυστήρια·
2097 997 2147 1062 εἰ
2191 1000 2255 1062 δὲ
2303 1005 2404 1084 μή,
2452 1001 2694 1086 χρῆσθε
2739 997 2875 1084 ἐμοὶ

416 1106 448 1170 ὅ
493 1128 545 1171 τι
592 1104 663 1171 ἂν
710 1102 841 1191 υμῖν
900 1108 1073 1190 δοκῇ,
1131 1103 1234 1170 ἐὰν
1291 1109 1374 1188 μὴ
1431 1105 1680 1189 τάληθῆ
1735 1108 1908 1186 λέγω.
2006 1104 2254 1181 Quodsi
2313 1126 2393 1171 ex
2446 1106 2548 1171 his
2605 1112 2871 1188 tantum,

406 1232 582 1294 quae
628 1212 884 1296 protuli,
930 1211 1147 1278 verbis
1195 1211 1564 1294 colligenda
1613 1220 1789 1278 esset
1841 1213 2019 1277 notio
2076 1213 2299 1288 ἀδείας,
2360 1234 2488 1277 non
2542 1211 2869 1288 haberem,

406 1318 588 1401 quod
633 1318 1050 1400 Hermanniss)
1101 1319 1487 1384 sententiam
1534 1339 1662 1383 non
1707 1320 2111 1403 probabilem
2160 1320 2616 1385 existimarem.
2681 1317 2870 1394 Quod

407 1425 610 1490 etiam
658 1424 1006 1490 dilucidius
1052 1425 1181 1508 fiet,
1240 1425 1297 1491 si
1343 1424 1698 1509 addideris,
1758 1446 1926 1509 quae
1983 1426 2160 1511 apud
2217 1425 2491 1491 eundem
2549 1431 2872 1489 oratorem

412 1536 475 1613 (ξ
526 1534 634 1610 12)
682 1533 1007 1615 leguntur:
1065 1533 1195 1597 ἐπεὶ
1253 1535 1315 1596 δὲ
1359 1534 1731 1621 ἐψηφίσαντο
1780 1531 1944 1619 αυτῷ
1989 1539 2101 1619 τὴν
2148 1533 2367 1616 ἄδειαν,
2425 1532 2624 1615 ἔλεγεν
2672 1531 2762 1597 ὅτι
2807 1533 2868 1596 ἐν

412 1651 485 1724 τῇ
543 1637 704 1723 οἰκία
755 1649 860 1704 τοῦ
918 1638 1332 1712 Πουλυτίωνος
1386 1645 1633 1720 γίγνοιτο
1697 1641 2073 1726 μυστηρια.4)
2185 1641 2422 1705 Verum
2485 1639 2648 1704 haec
2711 1639 2870 1704 Her-

406 1746 627 1810 manni
676 1745 997 1812 sententia
1043 1746 1258 1811 verbis
1305 1744 1800 1830 redarguitur,⁵)
1852 1747 2084 1830 quibus
2114 1747 2242 1812 vim
2290 1747 2455 1829 legis
2503 1746 2590 1811 ad
2628 1744 2871 1811 indicia

409 1852 711 1917 facienda
767 1853 1124 1937 spectantis
1180 1852 1552 1918 Andocides
1611 1854 1876 1938 exponit
1932 1855 2000 1935 (ξ
2039 1857 2185 1936 20);
2233 1858 2339 1919 καὶ
2384 1851 2416 1917 ὁ
2466 1858 2662 1940 πατὴρ
2707 1852 2871 1917 ἐπεί-

410 1962 537 2046 σθη
576 1959 785 2042 ἀγῶνα
819 1970 1079 2027 τοιοῦτον
1118 1961 1554 2044 ἀγωνίσασθαι,
1604 1961 1666 2026 ἐν
1716 1961 1763 2046 ᾧ
1812 1964 1966 2026 δυοῖν
2013 1973 2139 2026 τοῖν
2189 1966 2482 2048 μεγίστοιν
2520 1971 2729 2026 κακοῖν
2759 1957 2870 2024 οὔκ

399 2067 478 2154 ἢν
525 2064 689 2150 αυτῷ
735 2065 1056 2154 ἁμαρτεῖν;
1104 2067 1143 2154 ἢ
1191 2072 1306 2153 γὰρ
1354 2070 1500 2154 ἐμοῦ
1549 2068 1834 2142 δόξαντος
1883 2073 1957 2134 τὰ
2003 2068 2151 2134 ὄντα
2181 2078 2438 2155 μηνῦσαι
2470 2065 2607 2132 κατ’
2642 2067 2870 2133 ἐκείνου

399 2171 502 2236 ὑπ’
547 2173 693 2260 ἐμοῦ
742 2174 1091 2253 ἀποθανεῖν,
1152 2175 1193 2262 ἢ
1248 2173 1411 2260 αὐτῷ
1477 2181 1729 2242 σωθέντι
1794 2175 1899 2263 ἐμὲ
1964 2177 2320 2241 ἀποκτεῖναι.
2413 2173 2446 2239 ὁ
2513 2179 2627 2259 γὰρ
2690 2180 2870 2262 νόμος

399 2277 599 2353 οὔτως
663 2279 839 2368 εἶχεν·
931 2281 989 2346 εἰ
1054 2288 1177 2368 μὲν
1235 2282 1522 2370 τάληθῆ
1577 2288 1918 2369 μηνυσειὲ
1973 2306 2107 2361 τις,
2168 2281 2350 2348 εἶναι
2403 2287 2531 2369 τὴν
2587 2281 2866 2356 ἄδειαν,

407 2385 466 2451 εἰ
512 2389 583 2452 δὲ
628 2393 715 2452 τὰ
762 2392 996 2476 ψευδῆ,
1057 2393 1422 2455 τεθνάναι.
1537 2390 1842 2456 Dilucide
1897 2391 2095 2473 igitur
2149 2389 2315 2456 haec
2368 2390 2475 2455 lex
2529 2389 2866 2474 praecipit,

404 2501 476 2558 ut
521 2494 694 2561 ἄδεια
738 2496 778 2562 1.
828 2517 880 2562 e.
927 2496 1283 2581 impunitas
1332 2496 1527 2562 indici
1578 2500 1874 2584 (μηνυτῇ)
1927 2498 2129 2582 detur,
2179 2517 2257 2563 ea
2326 2497 2584 2581 quidem
2650 2496 2866 2562 condi·

411 2600 615 2681 cione,
666 2609 735 2666 ut
779 2623 1001 2668 verum
1050 2603 1150 2687 sit,
1199 2603 1373 2686 quod
1421 2603 1673 2689 dixerit,
1732 2605 1834 2669 sin
1891 2605 2096 2687 aliter,
2155 2611 2225 2669 ut
2279 2613 2484 2669 morte
2541 2604 2863 2687 puniatur.

405 2707 618 2790 Atque
666 2709 860 2774 etiam
916 2711 1291 2795 Ps.-Lysias
1343 2708 1456 2797 [VI
1505 2714 1617 2790 23]
1667 2711 1842 2777 idem
1891 2711 2080 2776 dicit:
2130 2710 2200 2775 ἐκ
2256 2710 2306 2776 δ’
2351 2708 2449 2777 οὖν
2499 2716 2713 2776 τουτου
2759 2721 2864 2775 τοῦ

596 2887 636 2954 ¹)
674 2887 773 2941 Ed.
814 2889 986 2942 Blass.

595 2975 636 3041 2>
675 2978 790 3031 Hoc
839 2978 957 3032 loco
1004 2978 1270 3032 articulus
1316 2979 1581 3035 vocabulo
1630 2976 1801 3039 ἀδείας
1841 2979 2007 3044 deest,
2047 2979 2145 3047 qui
2183 2979 2312 3031 huic
2349 2977 2561 3032 nomini
2598 2995 2758 3046 saepe
2795 2977 2863 3031 si-

406 3067 732 3136 gnificanter
760 3067 999 3121 additur.
1058 3068 1222 3137 Apud
1250 3068 1585 3122 Andocidem
1616 3087 1745 3122 usus
1772 3069 2015 3122 incertus
2045 3071 2129 3122 est
2150 3067 2238 3123 (cf.
2272 3067 2339 3122 de
2365 3070 2530 3136 myst.
2559 3069 2620 3120 12
2651 3070 2707 3121 et
2737 3067 2824 3133 15)
2851 3089 2863 3131 ;

403 3156 463 3209 in
499 3155 684 3210 titulis
720 3156 924 3210 Atticis
963 3157 1033 3224 (v.
1075 3175 1240 3226 supra
1275 3176 1327 3227 p.
1369 3159 1438 3211 52
1476 3159 1582 3226 sq.)
1621 3158 1719 3211 ille
1757 3174 1971 3227 semper
2006 3157 2120 3211 fere
2157 3157 2379 3226 legitur.

585 3243 635 3312 ⁸)
671 3263 722 3300 v.
767 3263 934 3314 supra
969 3264 1021 3314 p.
1063 3246 1147 3301 89.

586 3334 629 3399 ⁴)
667 3351 777 3388 non
815 3334 982 3388 aliter
1019 3352 1083 3388 ac
1121 3335 1167 3388 si
1204 3335 1300 3389 ille
1336 3335 1500 3389 homo
1535 3335 1699 3389 venia
1748 3335 1970 3389 demum
2022 3335 2156 3389 data
2201 3335 2532 3389 facultatem
2568 3335 2737 3388 verba
2782 3334 2861 3388 fa-

405 3423 585 3477 ciendi
622 3423 992 3492 impetrasset.
1087 3424 1170 3477 Ab
1208 3423 1397 3478 eadem
1446 3424 1723 3478 sententia
1770 3442 1840 3478 ne
1888 3424 2032 3478 alius
2084 3424 2308 3492 quidem
2354 3424 2503 3478 locus
2561 3422 2650 3490 [de
2697 3426 2859 3492 myst.

397 3511 437 3578 ἓ
478 3511 567 3579 15]
625 3513 958 3579 abhorreret,
1015 3514 1122 3567 nisi
1178 3513 1343 3567 index
1396 3513 1548 3567 illius
1607 3514 1853 3570 criminis
1911 3532 1945 3567 a
1990 3531 2045 3568 se
2100 3514 2274 3568 delati
2320 3514 2437 3582 ipse
2483 3513 2658 3567 socius
2696 3517 2860 3577 esset;

401 3601 473 3655 ad
498 3602 647 3654 hunc
675 3602 857 3656 locum
884 3602 950 3655 cf.
981 3602 1234 3657 Scheibe:
1270 3602 1445 3672 ›Olig.
1475 3604 1770 3658 Umwalz.‹
1802 3622 1853 3673 p.
1886 3606 1955 3657 54
1984 3604 2108 3658 adn.
2134 3606 2218 3658 24.
2293 3605 2415 3658 Huc
2441 3602 2687 3672 pertinet
2713 3604 2862 3658 locus

404 3688 689 3743 Plutarchi
727 3690 918 3743 Pericl.
958 3690 1164 3745 XXXI:
1232 3687 1444 3762 Μένωνά
1501 3708 1607 3742 τινα
1660 3698 1759 3742 τῶν
1798 3689 1999 3743 Φειδίου
2038 3699 2283 3763 συνεργῶν
2319 3691 2570 3753 πείσαντες
2607 3689 2775 3762 ἱκέτην
2811 3690 2860 3742 ἐν

397 3776 564 3848 ἀγορᾷ
591 3776 884 3836 καθίζουσιν
914 3776 1202 3849 αἰτούμενον
1231 3777 1402 3830 ἄδειαν
1430 3778 1506 3831 ἐπὶ
1535 3779 1743 3851 μηνύσει
1772 3781 1859 3832 καὶ
1888 3780 2172 3852 κατηγορίᾳ
2191 3788 2278 3832 τοῦ
2298 3779 2516 3847 Φειδίου,
2538 3800 2646 3850 quo
2663 3782 2857 3836 verba:

402 3863 572 3916 ἄδειαν
610 3863 687 3916 ἐπὶ
724 3865 933 3937 μηνύσει
970 3869 1054 3923 ita
1090 3869 1516 3938 interpretemur
1551 3887 1766 3924 necesse
1795 3873 1904 3925 est:
1942 3870 2295 3939 »(petentem)
2319 3871 2768 3940 impunitatem«,
2796 3875 2861 3924 ut

402 3956 597 4025 lingua
624 3958 922 4011 vernacula
950 3962 1094 4023 utar,
1130 3977 1254 4012 »um
1284 3960 1381 4013 der
1407 3957 1617 4029 μήνυσις
1656 3959 1875 4014 willen«
1917 3961 2007 4014 vel
2049 3960 2255 4025 »dafiir,
2295 3959 2418 4014 dass
2448 3978 2506 4014 er
2533 3960 2623 4014 die
2650 3958 2859 4029 μήνυσις

401 4047 672 4100 erstatten
710 4046 909 4109 wird«;
948 4048 1013 4102 cf.
1057 4047 1226 4117 [Lys]
1267 4049 1346 4102 VI
1365 4051 1460 4114 433
1499 4049 1676 4103 Blassi
1714 4050 1773 4102 in
1811 4049 1957 4103 Plut.
1988 4049 2089 4103 vit.
2121 4050 2216 4103 sel.
2245 4049 2349 4116 (ed.
2382 4049 2582 4104 Siefert
2602 4053 2658 4103 et
2684 4050 2859 4115 Blass)

401 4133 524 4188 adn.
567 4135 639 4188 ad
674 4135 729 4187 h.
769 4136 805 4189 1.
883 4136 1030 4190 Nam
1068 4137 1305 4207 supplici
1344 4138 1495 4192 omni
1531 4141 1777 4208 tempore
1823 4138 2107 4193 indicandi
2144 4141 2389 4207 potestas
2426 4139 2561 4203 fuit;
2601 4139 2648 4192 si
2684 4138 2863 4208 igitur

390 4220 541 4290 -ἀδείᾳ
578 4224 631 4278 ei
669 4242 805 4294 opus
842 4228 976 4290 erat,
1018 4226 1132 4280 alia
1168 4244 1333 4280 causa
1361 4228 1599 4292 suberat,
1629 4245 1695 4281 ea
1723 4228 1948 4293 scilicet,
1981 4227 2142 4295 quod,
2173 4231 2238 4282 ut
2266 4228 2666 4294 demonstrabO,
2697 4228 2862 4282 index

400 4312 613 4366 sceleris
669 4313 842 4368 delati
898 4315 1077 4369 affinis
1126 4317 1457 4384 putabatur-3
1503 4335 1555 4373 v.
1604 4317 1776 4371 etiam
1823 4335 1990 4386 supra
2025 4337 2076 4388 p.
2117 4318 2201 4383 90,
2224 4319 2273 4372 3.
2330 4348 2399 4354 -
2456 4318 2747 4372 Caillemer
2800 4319 2861 4371 in

405 4402 582 4461 »Diem
628 4402 721 4457 des
768 4404 1015 4471 antiqu«
1057 4405 1084 4457 I
1111 4405 1176 4459 67
1223 4405 1515 4460 Menonem
1570 4423 1788 4460 servum
1844 4407 2011 4461 fuisse
2067 4407 2355 4462 contendit
2410 4424 2523 4461 non
2577 4411 2739 4473 recte,
2797 4412 2858 4461 ut

401 4491 605 4560 opinor.
683 4493 821 4547 Cum
869 4494 1015 4548 enim
1065 4490 1264 4545 ἀτέλεια
1310 4495 1362 4548 ei
1399 4494 1533 4549 data
1570 4495 1643 4549 sit
1681 4514 1715 4549 a
1750 4497 1955 4565 populo
2009 4497 2101 4565 (cf.
2143 4498 2291 4551 Plut.
2332 4497 2450 4552 Per.
2489 4497 2711 4564 XXXI),
2761 4500 2859 4551 aut

389 4580 533 4635 civis
572 4586 672 4637 aut
708 4584 1031 4653 peregrinus
1068 4584 1165 4638 ille
1202 4584 1372 4639 fuerit
1409 4602 1625 4640 necesse
1663 4590 1759 4640 est.

581 4670 624 4737 ⁵)
664 4672 728 4727 cf.
770 4673 1042 4728 Thumser
1079 4675 1113 4728 l.
1155 4675 1190 4728 l.
