3567 5392
1642 435 1681 496 3

552 648 555 651 ‘
618 631 987 698 Secundum
1049 630 1423 697 Aristotelis
1481 629 1873 697 sententiam
1935 650 2039 695 res
2103 628 2365 714 publica
2428 649 2545 714 per
2610 649 2681 695 se
2744 628 2894 714 ipsa

429 746 709 805 naturae
740 737 1025 823 quadam
1052 739 1446 810 necessitate
1490 743 1634 804 orta
1675 743 1774 803 est
1812 742 1878 802 et
1911 741 2246 821 permanet
2259 733 2327 822 ¹),
2356 734 2632 820 populus
2662 741 2929 821 autem,-

429 847 550 930 qui
596 845 679 911 de
725 846 827 912 his
875 846 1066 912 rebus
1114 845 1305 911 aliter
1351 865 1431 911 ac
1476 843 1848 930 philosophi
1896 843 2133 910 sentire
2180 842 2362 928 solet,
2401 863 2534 909 rem
2572 842 2905 928 publicam,

430 952 750 1018 divinitus
799 972 946 1019 esse
993 952 1351 1018 institutam
1397 950 1688 1017 credidit.
1702 952 1749 1029 ²)
1826 948 2038 1027 Quam
2083 951 2165 1016 ob
2207 969 2475 1016 causam
2504 970 2609 1015 res
2637 950 2902 1035 publica

438 1061 644 1127 instar
691 1060 959 1127 deorum
1006 1060 1430 1146 omnipotens,
1475 1064 1540 1124 τὸ
1587 1064 1783 1144 κυριον
1833 1064 2318 1124 sacrosanctum
2354 1057 2460 1124 vel
2506 1056 2900 1142 inviolabile,

430 1172 507 1234 ’τὸ
570 1176 766 1235 κοινόν
828 1168 1149 1252 integrum
1213 1174 1552 1251 ratumque
1627 1166 1710 1232 sit
1784 1171 2052 1251 oportet,
2128 1185 2297 1249 quae
2371 1165 2898 1249 omnipotentiae,

432 1275 835 1361 sanctitatis,
890 1275 1283 1359 integritatis
1339 1273 1637 1340 notiones
1694 1273 1761 1338 in
1818 1272 2307 1339 Atheniensium
2363 1272 2626 1338 civitate
2684 1271 2901 1337 demo-

432 1383 687 1448 cratica
733 1382 1076 1467 plurimum
1122 1381 1358 1447 valent.
1452 1380 1739 1464 Cumque
1788 1400 1869 1444 ex
1914 1379 2073 1444 iuris
2119 1379 2362 1464 publici
2408 1379 2604 1444 Attici
2650 1379 2902 1445 ratione

438 1488 623 1556 salus
681 1489 1082 1574 reipublicae
1148 1509 1227 1554 ex
1294 1488 1639 1554 sanctitate
1706 1492 1771 1552 et
1836 1486 2212 1570 integritate
2277 1493 2341 1552 et
2405 1496 2511 1552 τοῦ
2577 1492 2781 1572 κυρίου
2840 1491 2904 1552 et

429 1605 544 1662 τοῦ
592 1606 796 1664 κοινοῖ)
843 1595 1144 1681 pendeat,
1191 1595 1417 1682 populi
1472 1601 1570 1661 est
1622 1600 1963 1677 utramque
2009 1614 2145 1659 rem
2201 1593 2373 1658 omni
2419 1592 2610 1659 modo
2657 1594 2906 1659 munire

435 1709 511 1769 et
556 1723 958 1769 conservare.
1017 1704 1245 1786 Itaque
1292 1703 1351 1769 si
1397 1702 1540 1786 quis
1589 1721 1905 1767 summum
1940 1699 2166 1786 populi
2192 1699 2533 1786 imperium
2558 1699 2903 1783 illegitima

433 1811 782 1896 rogatione
848 1798 1206 1876 violaturus
1270 1815 1468 1895 esset,
1534 1815 1603 1874 ut
1669 1808 1845 1874 cives
1905 1814 2217 1874 testarum
2282 1806 2610 1891 suffragiis
2676 1806 2903 1873 decem

434 1938 756 1983 annorum
841 1917 1035 1984 exilio
1121 1917 1372 1982 multati
1445 1924 1596 1982 ante
1668 1915 2026 1999 legitimum
2097 1922 2352 2000 tempus
2425 1920 2899 1994 revocarentur,

436 2032 803 2113 ’παρανόμων
836 2045 981 2090 eum
1009 2010 1337 2109 accusare,
1368 2030 1479 2089 aut
1508 2023 1565 2089 si
1594 2023 1739 2106 quis
1768 2022 2148 2089 remissione
2185 2018 2503 2088 fiscalium
2545 2021 2905 2087 debitorum

440 2138 677 2214 rogata
722 2131 960 2196 aerarii
1014 2130 1259 2216 publici
1326 2130 1827 2197 deminutionem
1886 2129 2294 2213 illegitimam
2357 2128 2645 2195 facturus
2710 2136 2902 2210 esset,

437 2238 588 2303 eius
633 2256 866 2303 nomen
912 2257 1029 2323 per
1075 2238 1310 2310 ἔνδειξιν
1359 2236 1445 2302 ad
1493 2236 1902 2302 heliasticum
1947 2235 2256 2301 iudicium
2302 2234 2555 2301 deferre
2602 2236 2796 2302 licuit.

622 2379 842 2447 Nihilo
889 2386 1106 2444 tamen
1155 2378 1371 2444 secius
1417 2377 1740 2445 interdum
1784 2377 2063 2463 populus
2110 2379 2269 2463 ipse,
2316 2384 2385 2443 ut
2431 2383 2545 2443 aut
2591 2378 2905 2445 sanctitas

432 2496 550 2552 τοῦ
593 2492 799 2571 κυρίου
847 2491 962 2551 aut
1005 2486 1345 2569 integritas
1392 2496 1499 2551 τοῦ
1546 2495 1751 2553 κοινοῦ
1796 2484 2166 2570 violaretur,
2215 2484 2627 2552 concedebat.

626 2610 816 2688 Quod
863 2610 1121 2694 quando
1180 2609 1423 2676 factum
1489 2610 1596 2695 sit,
1661 2629 1856 2694 quam
1922 2610 2004 2675 ob
2072 2629 2337 2675 causam
2399 2608 2543 2675 fieri
2605 2611 2905 2695 potuerit,

438 2717 726 2802 denique
773 2716 1094 2801 quomodo
1142 2717 1262 2782 rite
1312 2717 1396 2783 sit
1442 2717 1701 2801 factum,
1740 2716 1868 2782 hac
1897 2716 2436 2783 commentatione
2464 2715 2908 2783 demonstrare

439 2825 751 2892 conabor.
846 2824 1077 2908 Agitur
1123 2830 1343 2890 autem
1390 2823 1473 2889 de
1518 2823 1811 2889 instituto
1857 2823 2147 2921 publico:
2197 2822 2279 2890 de
2327 2823 2577 2897 ἀδείας
2636 2825 2898 2890 notione

439 2937 514 2997 et
559 2952 699 3000 usu.

629 3056 816 3134 Quae
861 3076 988 3122 vox
1035 3055 1213 3142 apud
1266 3056 1615 3142 scriptores
1661 3055 1936 3141 Atticos,
1993 3055 2309 3141 imprimis
2367 3055 2544 3141 apud
2596 3062 2905 3143 oratoreS,

444 3164 838 3230 creberrimo
886 3164 953 3228 in
997 3185 1119 3230 usu
1169 3170 1298 3246 est3
1358 3162 1474 3229 sed
1532 3183 1701 3247 quae
1754 3163 1855 3229 vis
1911 3162 2065 3228 insit
2109 3163 2178 3228 in
2233 3164 2456 3249 verbo,
2514 3184 2906 3248 quamquam

442 3269 668 3355 plures
715 3271 847 3335 iam
890 3271 1184 3337 homines
1233 3270 1411 3336 docti
1455 3268 1775 3354 indagare
1823 3269 2219 3356 studuerunt,
2274 3290 2461 3336 nemo
2518 3277 2735 3336 tamen
2792 3270 2906 3337 ad-

446 3376 572 3443 huc
638 3379 799 3444 satis
867 3377 1190 3445 subtiliter
1256 3384 1320 3443 et
1381 3376 1713 3443 commode
1777 3375 2124 3469 expedivit.
2234 3377 2671 3461 Posteaquam
2738 3378 2909 3445 enim

442 3485 779 3568 Augustus
808 3484 1076 3550 Boeckh
1104 3484 1347 3569 primus
1377 3486 1431 3569 [„
1446 3482 1898 3550 Staatshaush.
1928 3482 1988 3549 d.
2017 3482 2330 3568 Ath.2“]⁸)
2359 3484 2529 3550 hunc
2564 3485 2908 3552 obscurum

441 3590 902 3676 antiquitatum
968 3591 1363 3658 Graecarum
1408 3591 1620 3656 locum
1679 3590 2006 3656 illustrare
2070 3597 2341 3657 conatus
2408 3598 2522 3676 est,
2588 3591 2907 3677 Georgius

444 3698 872 3784 Schoemann,
904 3705 973 3764 ut
996 3698 1176 3764 verbi
1203 3699 1335 3763 vim
1374 3698 1748 3784 explicaret,
1788 3718 2055 3783 operam
2093 3697 2374 3782 dedit34)
2410 3705 2543 3763 tum
2580 3700 2909 3785 copiosius

446 3811 519 3870 et
547 3806 798 3872 felicius
829 3825 931 3872 res
963 3812 1242 3871 tractata
1274 3812 1374 3872 est
1403 3825 1443 3869 a
1473 3806 1738 3872 Victore
1766 3805 2084 3870 Thumser
2111 3806 2164 3889 [‚,
2180 3804 2262 3871 de
2300 3805 2533 3871 civium
2562 3806 2908 3882 Athenien,-

637 4054 680 4123 1)
719 4055 968 4110 Oncken:
1013 4056 1385 4111 »Staatslehre
1414 4056 1506 4111 des
1544 4055 1902 4110 Aristoteles«
1944 4056 1998 4108 II
2035 4056 2085 4109 8.
2130 4055 2212 4109 14.

636 4159 678 4229 ²)
715 4162 783 4217 cf.
813 4162 1038 4217 Oncken
1073 4163 1110 4216 l.
1150 4163 1185 4217 1.
1225 4163 1279 4216 Π
1316 4164 1414 4229 22;
1452 4163 1648 4217 Busolt
1684 4163 1721 4218 l.
1761 4163 1800 4219 1.
1839 4163 1870 4229 ἓ
1916 4164 1939 4216 1
1979 4180 2032 4231 p.
2071 4165 2121 4218 4.

635 4267 677 4336 ⁸)
715 4270 966 4339 pluribus
1013 4271 1171 4325 locis:
1223 4271 1291 4325 cf.
1329 4270 1356 4324 Ι
1391 4271 1517 4326 516.
1556 4271 1678 4325 580.
1715 4270 1823 4325 582
1863 4288 1943 4338 sq.
1991 4270 2045 4324 H
2081 4271 2150 4324 40
2194 4288 2275 4338 sq.
2316 4270 2400 4336 64,
2448 4287 2583 4338 quos
2628 4271 2910 4327 occasione

443 4359 586 4414 data
607 4359 982 4429 -attingemua
1059 4358 1537 4427 [Recentissimam
1582 4359 1882 4414 editionem
1920 4377 1955 4413 a
1989 4358 2316 4414 Fraenkelio
2354 4362 2605 4414 curatam
2641 4360 2910 4430 inspicere

443 4448 590 4502 mihi
627 4466 738 4503 non
775 4447 971 4517 licuit].

636 4554 680 4621 ⁴)
723 4555 821 4610 »de
858 4556 1099 4611 comitiis
1136 4555 1591 4611 Atheniensium«
1633 4574 1687 4625 p.
1726 4556 1859 4621 3343
1898 4555 1965 4611 cf.
2012 4555 2269 4610 eundem:
2313 4555 2561 4611 »Griech
2598 4555 2832 4612 Altera«
2882 4558 2911 4612 1

443 4645 582 4706 399;
602 4644 672 4699 cf.
691 4645 864 4700 etiam
882 4646 1176 4714 Rangabe:
1203 4643 1556 4713 »Antiquites
1583 4645 1957 4713 helleniques«
1990 4647 2016 4698 Ι
2046 4646 2175 4711 21ος
2205 4646 2593 4708 Westermann
2620 4645 2680 4699 in
2708 4646 2912 4715 Paulyi

452 4733 904 4803 >Real·Encycl.‹<
946 4736 972 4788 I
1013 4737 1035 4788 l
1079 4753 1134 4804 p.
1180 4735 1294 4790 168.

2519 4821 2591 4878 1*
