3567 5392
1655 413 1736 478 97

469 608 665 673 rebus
714 627 858 672 eam
905 608 1109 672 secuti
1158 614 1305 672 sunt
1351 608 1680 692 rationem,
1728 614 1799 672 ut
1838 607 2081 674 conscii
2111 607 2393 673 criminis
2424 608 2699 673 alicuius
2728 608 2928 674 iidem

467 712 702 779 affines
757 712 966 778 habiti
1021 713 1168 777 sint.
1262 714 1492 796 Itaque
1554 718 1841 797 Agorato
1901 714 2075 798 ἀδείᾳ
2131 734 2295 800 opus
2360 714 2496 799 fuit,
2512 716 2557 792 ¹)
2625 715 2734 798 qui
2796 736 2926 781 non

466 821 722 887 veniam
782 819 1057 904 dicendi,
1115 820 1232 886 sed
1297 820 1743 905 impunitatem
1810 821 2135 886 commissi
2201 821 2467 887 sceleris
2527 822 2924 911 impetraret.

466 929 532 994 Is
580 929 748 994 enim
795 947 1184 1010 quamquam
1240 927 1303 991 in
1360 927 1834 992 coniuratorum
1884 947 2153 993 numero
2211 948 2340 992 non
2411 929 2641 1013 erat,2)
2702 936 2925 994 tamen

468 1033 949 1117 coniurationis,
998 1033 1165 1099 sicut
1219 1034 1518 1100 conscius
1573 1041 1738 1119 erat,
1797 1033 1891 1099 ita
1957 1033 2174 1100 affinis
2238 1034 2666 1119 putabatur‚⁸)
2733 1056 2927 1118 quam

463 1141 549 1206 ob
597 1161 862 1207 causam
911 1140 991 1205 de
1039 1140 1183 1226 ipso
1233 1161 1487 1225 quoque
1534 1141 1832 1223 quaestio
1878 1140 2105 1206 habita
2154 1141 2334 1224 est.⁴)
2426 1141 2638 1223 Atque
2693 1141 2927 1207 eadem

468 1246 548 1312 de
598 1268 673 1313 eo
718 1248 959 1313 indicio
1008 1248 1286 1314 dicenda
1334 1255 1496 1332 sunt,
1545 1247 1717 1331 quod
1765 1247 2153 1314 Plutarchus
2201 1249 2459 1329 [Pericl.
2503 1249 2747 1332 XXXI]
2793 1270 2944 1329 mes

464 1355 709 1419 moriae
755 1354 1060 1439 prodidit.
1075 1354 1121 1432 ⁵)

643 1462 867 1527 Facile
913 1462 1110 1544 igitur
1155 1461 1449 1545 intellegi
1495 1468 1729 1546 potest,
1789 1463 2042 1551 quibus¹
2086 1461 2375 1528 consiliis
2431 1483 2588 1528 usus
2644 1464 2925 1547 populus

464 1567 586 1632 hoc
631 1568 1043 1652 privilegium
1088 1569 1487 1652 irrogaverit.
1581 1568 1652 1634 Si
1701 1570 1868 1635 enim
1916 1569 2060 1652 quis
2101 1569 2368 1635 sceleris
2408 1568 2654 1653 publici
2691 1570 2924 1637 noxius

466 1681 583 1759 est,
630 1674 830 1758 leges,
878 1675 1263 1760 praesertim
1310 1696 1442 1759 eas,
1500 1695 1669 1758 quae
1728 1677 1820 1741 rei
1877 1676 2180 1761 publicae
2238 1675 2762 1741 constitutionem
2808 1682 2924 1741 aut

465 1780 728 1845 deorum
793 1802 982 1847 sacra
1045 1782 1341 1848 instituta
1406 1781 1650 1847 tuenda
1715 1789 1972 1866 curant,
2036 1783 2308 1848 violavit
2365 1789 2430 1848 et
2488 1781 2774 1846 divinum
2830 1783 2924 1848 rei

463 1888 764 1972 publicae
812 1888 1100 1954 ordinem
1155 1889 1329 1974 rupit
1383 1909 1462 1954 ac
1519 1890 1821 1956 turbavit.
1915 1891 2053 1956 Nec
2110 1890 2334 1972 solum,
2392 1890 2447 1954 si
2506 1892 2650 1972 quis
2710 1889 2924 1956 scelus

463 1995 531 2059 in
580 1994 738 2060 deos
770 1996 1126 2080 committit,
1175 1996 1241 2059 in
1288 1996 1407 2062 hos
1452 2003 1683 2080 peccat
1729 1996 1929 2080 ipsos,
1978 1995 2097 2062 sed
2145 1997 2342 2061 etiam
2389 2017 2525 2062 rem
2572 1997 2920 2082 publicam,

461 2121 631 2184 quae
669 2102 935 2167 deorum
974 2122 1163 2167 sacra
1200 2102 1343 2167 iura
1380 2109 1643 2187 tutatur,
1684 2103 1905 2168 violat.
1960 2102 2156 2187 Apud
2184 2103 2633 2187 Thucydidem
2664 2104 2923 2187 quidem

462 2209 701 2293 [VI28‚
720 2209 784 2291 2]
817 2209 1091 2292 legimus
1128 2208 1325 2274 haec:
1367 2213 1472 2273 καὶ
1509 2208 1694 2292 ἐβόων
1742 2209 1826 2282 ὡς
1874 2209 1989 2274 ἐπὶ
2036 2212 2262 2297 δήμορ
2309 2214 2706 2276 καταλὺσει
2747 2218 2821 2277 τά
2857 2234 2926 2276 τε

463 2319 718 2401 μυστικὰ
753 2321 859 2379 καὶ
895 2313 934 2401 ἡ
973 2328 1089 2382 τῶν
1125 2314 1364 2403 Ἑρμῶν
1400 2320 1697 2402 περικοπὴ
1735 2316 2046 2398 γένοιτο.6)
2105 2317 2353 2382 Tamen
2399 2317 2678 2402 populus
2728 2318 2924 2387 sociis

457 2421 766 2487 indicatis
814 2422 1142 2488 delatores
1188 2431 1258 2488 ut
1303 2421 1595 2488 homines
1635 2422 1717 2487 de
1754 2443 1826 2488 re
1871 2422 2133 2507 publica
2184 2423 2352 2489 bene
2399 2423 2663 2489 meritos
2709 2444 2924 2509 poena

460 2550 589 2594 non
635 2528 856 2612 afficit,
903 2528 1021 2595 sed
1069 2529 1323 2612 gratiae
1350 2531 1451 2595 ius
1483 2550 1794 2595 exercens
1822 2529 2205 2614 impunitate
2255 2529 2474 2614 donat,
2515 2551 2659 2594 cum
2706 2544 2786 2596 ex
2831 2531 2924 2596 in-

462 2636 630 2701 dicio
679 2637 952 2700 fructum
1000 2656 1071 2702 se
1117 2643 1569 2721 percepturum
1618 2656 1764 2701 esse
1814 2642 2048 2720 speret.
2140 2636 2285 2702 Una
2334 2644 2552 2701 autem
2613 2636 2755 2701 sola
2809 2637 2922 2702 im-

457 2743 771 2827 punitatis
830 2742 1089 2808 dandae
1150 2742 1443 2809 condicio
1503 2749 1620 2827 est,
1677 2750 1748 2807 ut
1812 2762 2032 2807 verum
2100 2741 2426 2809 delatores
2494 2742 2808 2810 indicent:
2868 2744 2926 2810 si

457 2870 680 2914 verum
729 2857 830 2916 est
874 2849 1199 2939 indicium,
1250 2850 1463 2916 scelus
1511 2850 1765 2915 illorum
1817 2850 2147 2934 expiatum
2193 2849 2467 2933 videtur,
2518 2850 2618 2915 sin
2668 2849 2924 2936 falsum,

458 2964 663 3023 morte
699 2957 898 3022 luunt.
955 2956 1138 3033 Quae
1178 2978 1321 3022 cum
1358 2959 1452 3022 ita
1495 2977 1567 3023 se
1603 2956 1912 3033 habeant,
1955 2957 2403 3041 impunitatem
2443 2956 2772 3023 decretam
2809 2958 2922 3022 ab·

457 3084 692 3147 rogare
729 3065 969 3149 populo
999 3064 1281 3148 licuisse,
1312 3085 1454 3130 cum
1484 3063 1792 3129 indicium
1834 3063 2072 3129 falsum
2096 3064 2302 3129 fuisse
2331 3064 2388 3130 is
2430 3065 2861 3149 cognovisset,
2875 3065 2922 3142 ⁷)

460 3191 576 3255 per
624 3190 694 3237 se
741 3172 953 3255 ipsum
1000 3171 1415 3255 intellegitur,
1462 3191 1591 3236 non
1640 3191 1828 3237 secus
1878 3191 1957 3235 ac
2014 3170 2386 3236 donationis
2434 3171 2541 3237 vel
2594 3171 2922 3255 privilegii

460 3278 732 3343 alicuius
773 3277 1100 3344 decretum
1146 3278 1389 3363 populo
1420 3278 1761 3360 antiquare
1792 3278 1992 3343 licuit.
2044 3277 2214 3349 Nam
2243 3276 2407 3343 haec
2438 3278 2806 3363 impunitas,
2839 3277 2922 3343 de

459 3403 586 3466 qua
651 3385 883 3469 agitur,
948 3386 1303 3470 praemium
1369 3384 1489 3449 fuit
1553 3383 1876 3451 indicibus
1942 3392 2012 3449 ut
2073 3383 2440 3451 hominibus
2508 3383 2590 3449 de
2657 3384 2921 3449 civitate

455 3492 621 3557 bene
667 3492 911 3557 meritis
959 3492 1281 3557 tributum.
1293 3491 1343 3573 ⁸)
1419 3492 1771 3558 Praeterea
1820 3491 1991 3558 servi
2038 3490 2278 3555 indicio
2328 3491 2549 3556 delato
2597 3511 2727 3556 non
2771 3511 2918 3556 raro

643 3649 682 3718 ι)
718 3652 801 3706 De
840 3653 1081 3721 Agorato
1120 3652 1185 3706 cf.
1224 3652 1349 3720 LyS.
1389 3669 1463 3706 or.
1504 3652 1663 3715 XIII;
1703 3650 1770 3704 de
1807 3652 1914 3705 hac
1942 3668 1998 3705 re
2028 3651 2093 3705 cf.
2126 3651 2489 3721 Frohbergeri
2519 3652 2642 3706 adn.
2675 3652 2762 3706 ad.
2793 3652 2917 3724 Lys.

460 3740 595 3794 XIII
633 3741 719 3878 ἓξ
722 3742 950 3880 cggLys.
991 3811 1126 3865 XIII
1162 3812 1226 3865 21
1271 3815 1329 3866 et
1367 3828 1447 3875 ea,
1487 3829 1630 3879 quae
1666 3744 2008 3880 Frohberger
2045 3811 2116 3865 ad
2152 3812 2206 3865 h.
2245 3811 2282 3865 l.
2323 3811 2628 3865 adnotavit.

640 3899 683 3965 8)
722 3901 786 3955 cf.
826 3900 1187 3970 Frohbergeri
1225 3900 1348 3955 adn.
1390 3901 1460 3955 ad
1497 3901 1619 3970 Lys.
1659 3900 1795 3953 XIII
1834 3900 1918 3953 23.

638 3988 679 4057 ⁴)
718 3991 784 4045 cf.
822 3990 1233 4044 Rauchenstein
1271 3989 1341 4043 ad
1377 3990 1499 4058 Lys.
1537 3990 1671 4042 XIII
1690 3990 1774 4043 50.

637 4077 686 4145 ⁸)
725 4079 790 4134 cf.
830 4081 897 4134 de
932 4080 1038 4134 hac
1072 4096 1131 4132 re
1175 4078 1419 4147 Lipsius:
1455 4079 1605 4132 »Att.
1635 4078 1825 4132 Proc.‹
1867 4095 1919 4145 p.
1960 4077 2065 4130 330
2086 4094 2204 4144 sqq.
2279 4077 2394 4130 Hoc
2422 4093 2642 4144 quoque
2679 4076 2797 4130 loco
2833 4076 2918 4130 in-

453 4167 631 4222 dicem
661 4168 905 4222 criminis
934 4169 1142 4223 socium
1169 4167 1486 4223 habendum
1513 4185 1627 4221 esse
1661 4183 1872 4231 censeO,
1903 4183 2073 4235 quare
2102 4166 2154 4219 ei
2191 4162 2333 4233 ἀδείᾳ
2362 4184 2505 4234 *opus
2542 4164 2726 4220 fuisse.
2790 4167 2916 4221 For-

452 4259 599 4311 tasse
635 4257 694 4310 id
731 4257 904 4312 etiam
940 4275 1007 4311 ex
1042 4258 1307 4312 vocabulo
1335 4262 1587 4326 συνεργοῦ,
1614 4257 1765 4325 quod
1794 4274 1839 4311 e.
1871 4275 1914 4311 c.
1947 4256 2096 4326 apud
2123 4255 2329 4309 Andoc.
2361 4255 2426 4309 de
2454 4258 2617 4324 myst:
2657 4256 2688 4321 ξ)
2729 4256 2795 4308 15
2833 4272 2915 4309 so-

452 4346 600 4400 cium
637 4346 883 4400 criminis
920 4347 1214 4416 significat,
1245 4346 1617 4415 colligendum
1645 4349 1754 4411 est3
1786 4346 1853 4401 cf.
1875 4345 2054 4399 Blassi
2072 4344 2133 4398 in
2152 4345 2298 4398 Plut.
2330 4343 2431 4398 vit.
2461 4343 2554 4397 sel.
2586 4342 2689 4411 (ed.
2716 4344 2923 4399 Siefert

452 4439 510 4490 et
548 4435 725 4502 Blass)
762 4436 886 4490 adn.
926 4436 997 4490 ad
1034 4437 1089 4489 h.
1120 4436 1158 4490 l.

635 4522 685 4592 ⁶)
723 4525 805 4579 De
842 4526 947 4579 hac
981 4543 1042 4580 re
1079 4525 1147 4580 cf.
1187 4526 1335 4580 Plut.
1374 4525 1551 4579 Alcib.
1582 4524 1738 4589 XXI3
1770 4524 1837 4580 cf.
1868 4523 2041 4578 etiam
2069 4522 2321 4579 Oncken:
2356 4521 2758 4576 ›Staatslehre‹
2791 4521 2846 4574 II
2864 4523 2914 4575 4.

637 4611 685 4680 ⁷)
724 4614 790 4668 cf.
829 4614 1170 4684 Fr0hberger
1208 4614 1279 4668 ad
1316 4614 1439 4683 Lys.
1478 4613 1610 4667 XIII
1631 4613 1719 4668 55.

636 4699 679 4768 ⁸)
718 4703 783 4758 cf.
827 4702 999 4773 [Lya]
1036 4704 1115 4757 VI
1136 4704 1226 4758 36.

2555 4788 2585 4838 7
