3567 5392
1966 418 2054 482 20

957 607 1019 672 3.
1067 609 1397 676 Consimili
1444 609 1681 676 deinde
1726 610 1919 676 modo
1968 611 2046 695 ei,
2104 612 2214 695 qui
2279 619 2627 696 rogaturus
2694 619 2895 709 esset2
2956 621 3027 679 ut
3090 612 3249 697 quis

780 717 995 802 capite
1044 717 1388 784 damnatus
1432 717 1570 783 vita
1618 716 2047 802 donaretur,¹)
2098 717 2272 803 ἀδείᾳ
2320 738 2483 804 opus
2530 717 2734 786 fuisse
2779 727 2953 805 puto.
3047 719 3248 797 Quod

776 844 1234 907 nonnunquam
1271 822 1512 891 factum
1550 844 1697 891 esse
1738 844 1775 890 e
1813 824 2271 893 Demosthenis
2309 846 2397 892 or.
2432 825 2487 890 L
2513 830 2601 893 48
2630 826 2889 897 videtur
2923 826 3248 913 patere.²)

956 1037 1026 1108 4.
1074 1039 1372 1123 Denique
1420 1059 1589 1122 quae
1634 1038 1721 1111 de
1773 1039 1855 1106 iis
1912 1039 2224 1124 diximus,
2282 1040 2392 1124 qui
2450 1041 2676 1111 exules
2732 1040 3085 1109 revocandi
3137 1061 3248 1107 ro-

778 1148 1108 1230 gationem
1137 1147 1331 1217 laturi
1374 1154 1575 1233 erant,
1616 1147 1848 1217 eadem
1884 1148 1973 1213 ad
2011 1168 2124 1215 eos
2166 1148 2509 1233 pertinent,
2547 1149 2658 1233 qui
2697 1149 2988 1234 rogaturi
3033 1154 3249 1224 erant,

778 1260 849 1321 ut
875 1256 1092 1339 capite
1120 1254 1467 1323 deminutis
1497 1255 1894 1340 sempiterna
1934 1255 2143 1344 ἀτιμία
2182 1255 2744 1342 abiudicaretur,³)
2781 1258 3003 1341 itaque
3041 1256 3250 1323 etiam

777 1361 881 1427 his
945 1362 1297 1448 impunitas
1359 1360 1637 1445 rogandi
1703 1363 2115 1448 impetranda
2182 1362 2388 1450 fuit.4)
2497 1365 2712 1448 Atque
2774 1365 2966 1435 huius
3032 1363 3254 1437 ἀδείας

781 1469 1119 1537 certiorem
1173 1468 1470 1535 notitiam
1527 1468 1842 1536 habemus
1896 1470 2065 1553 legis
2124 1470 2191 1535 in
2245 1471 2705 1541 Demosthenis
2761 1471 3249 1539 Timocrateam

778 1576 1066 1643 insertae
1121 1575 1385 1643 auxilio.
1476 1576 1616 1642 Lex
1669 1576 1837 1642 haec
1894 1583 1993 1645 est
2047 1577 2111 1661 [ξ
2165 1578 2304 1661 45J:
2371 1576 2543 1666 Μηδὲ
2605 1584 2733 1664 περὶ
2797 1588 2920 1647 τῶν
2989 1577 3249 1665 ἀτίμων,

778 1684 939 1759 ὅπως
986 1688 1106 1769 χρὴ
1153 1684 1460 1770 ἐπιτίμους
1506 1680 1726 1757 αὐτοὺς
1770 1682 1940 1762 εἶναι,
1992 1687 2142 1772 μηδὲ
2186 1690 2324 1770 περὶ
2369 1697 2486 1752 τῶν
2533 1684 2896 1773 ὀφειλόντων
2949 1697 3075 1759 τοῖς
3128 1688 3254 1751 θε-

716 1858 721 1865 .
779 1803 868 1864 οῖς
913 1790 952 1877 ἢ
1001 1803 1082 1875 τῷ
1130 1791 1399 1876 δημοσίῳ
1447 1803 1532 1874 τῷ
1582 1787 1938 1876 Ἀθηναίων
1985 1797 2117 1876 περὶ
2165 1790 2437 1877 ἀφέσεως
2482 1803 2586 1858 τοῦ
2632 1792 2988 1881 ὀφλήματος
3042 1791 3083 1878 ἢ
3128 1797 3256 1861 τά·

776 1899 944 1973 ξεως,
993 1896 1096 1962 ἐὰν
1142 1901 1226 1984 μὴ
1276 1902 1703 1984 ψηφισαμένων
1750 1894 2111 1985 Ἀθηναίων
2167 1903 2281 1985 τὴν
2336 1898 2545 1967 ἄδειαν
2599 1912 2835 1984 πρῶτον
2890 1902 3021 1965 κτλ.
3116 1899 3253 1967 Ge-

776 2005 1040 2070 nuinam
1086 2010 1305 2076 autem
1359 2004 1529 2070 hanc
1587 2004 1802 2088 legem
1859 2023 2005 2073 esse
2051 2006 2252 2073 verba
2308 2005 2516 2092 ipsius
2561 2004 3023 2073 Demosthenis
3080 2004 3250 2072 ibid.

776 2115 817 2194 ξ
862 2116 950 2179 46
998 2110 1462 2179 demonstrant.

954 2219 1123 2287 Ante
1143 2219 1357 2284 omnia
1380 2218 1507 2285 duo
1539 2238 1782 2301 genera
1812 2218 2030 2303 capite
2059 2218 2530 2287 deminutorum
2558 2221 2746 2287 nobis
2776 2219 3255 2303 distinguenda.

778 2333 957 2395 sunt:
1017 2326 1291 2392 alterum
1349 2345 1596 2409 eorum,
1655 2325 1764 2407 qui
1820 2324 2045 2391 debita
2098 2326 2362 2410 publica
2419 2334 2709 2412 tempore
2764 2327 3055 2411 legitimo
3112 2345 3245 2393 non

777 2433 1227 2521 pependerunt
1273 2433 1354 2500 ob
1418 2451 1690 2515 eamque
1748 2452 2015 2499 causam
2070 2432 2138 2497 in
2193 2440 2450 2519 tempus
2508 2434 2745 2520 capitis
2803 2433 3249 2503 deminutione

775 2540 1061 2607 maxima
1105 2538 1361 2605 multati
1419 2537 1658 2617 sunt;⁵)
1717 2539 1994 2605 alterum
2050 2560 2298 2624 eorum,
2364 2540 2475 2624 qui
2530 2540 2808 2609 diversis
2874 2540 2957 2607 de
3021 2539 3251 2607 causis

779 2647 1174 2732 sempiterna
1221 2646 1427 2734 ἀτιμίᾳ
1475 2645 1696 2713 affecti
1744 2653 1911 2715 sunt.
1927 2644 1979 2732 6)
2073 2646 2424 2731 Utriusque
2471 2655 2690 2715 autem
2736 2648 2995 2731 generis
3024 2647 3250 2732 capite

777 2754 1246 2823 deminutorum
1290 2752 1766 2821 restitutionem
1813 2754 1942 2821 nisi
1987 2754 2372 2839 impunitate
2420 2754 2767 2840 impetrata
2823 2774 3055 2838 rogare
3109 2774 3244 2821 non

775 2862 977 2928 licuit.
1072 2861 1175 2927 De
1223 2860 1624 2927 debitoribus
1670 2859 1949 2945 publicis
1996 2861 2119 2926 hoc
2164 2861 2310 2926 loco
2357 2883 2487 2927 non
2544 2862 2787 2947 agitur,
2844 2861 2963 2929 sed
3018 2860 3101 2927 de
3154 2861 3248 2926 iis

779 2968 954 3054 solis,
1003 2988 1269 3051 quorum
1318 2967 1520 3055 ἀτιμία
1569 2966 1689 3032 fuit
1737 2968 2151 3053 sempiterna.
2248 2970 2460 3051 Atque
2518 2970 2791 3054 primum
2849 2967 3110 3052 quidem
3158 2988 3244 3033 ex

777 3074 1219 3160 psephismate
1277 3075 1673 3142 Patroclidis
1731 3076 1815 3141 ab
1869 3073 2211 3140 Andocide
2276 3075 2343 3139 in
2408 3076 2700 3140 oratione
2765 3075 2848 3141 de
2909 3074 3248 3162 mysteriis

777 3188 1132 3249 memorato
1202 3182 1265 3264 [ξ
1324 3187 1402 3248 77
1466 3183 1626 3266 sqq]
1691 3181 2171 3249 restitutionem
2233 3182 2485 3248 illorum
2550 3183 2744 3248 venia
2807 3182 3061 3248 demum
3124 3183 3248 3247 im-

776 3294 1036 3373 petrata
1073 3274 1317 3371 'rogare
1362 3289 1627 3355 licuisse
1675 3287 2108 3372 colligendum
2141 3296 2259 3357 est.
2319 3290 2514 3357 Cuius
2542 3289 3007 3376 psephismatis
3035 3290 3248 3374 initio,

776 3415 923 3422 ——0

959 3448 1000 3517 ¹)
1037 3469 1089 3504 v.
1127 3468 1296 3518 supra
1330 3467 1382 3518 p.
1428 3451 1491 3502 16
1530 3449 1655 3503 adn.
1696 3449 1745 3502 3.

960 3536 1003 3606 ²)
1040 3538 1208 3594 Cuius
1235 3539 1315 3594 rei
1346 3538 1615 3607 copiosius
1644 3534 1982 3592 mentionem
2011 3537 2151 3592 facit
2166 3537 2761 3593 Hauvette-Besnault:
2798 3537 2928 3590 »Les
2956 3537 3248 3605 Strateges

776 3628 1111 3682 Atheniens«
1172 3628 1327 3682 Paris
1378 3627 1513 3680 1884
1579 3644 1633 3695 Ρ.
1687 3626 1819 3691 103;
1887 3625 2105 3695 Lipsius
2152 3629 2369 3681 autem:
2432 3628 2581 3681 »Att.
2639 3624 2850 3681 Proc.²‹<
2909 3644 2962 3695 p.
3020 3625 3124 3679 993
3180 3623 3250 3677 id*

775 3717 987 3772 factum
1040 3734 1154 3771 esse
1199 3719 1388 3785 negat.
1465 3715 1621 3780 Quod
1668 3715 1715 3768 si
1758 3732 1952 3770 verum
1998 3718 2154 3781 esset,
2213 3714 2597 3770 Callistratum
2653 3718 2752 3770 aut
2804 3713 3073 3784 supplicio
3126 3730 3239 3767 non

777 3805 1036 3861 affectum
1080 3822 1195 3860 esse
1242 3806 1342 3858 aut
1378 3803 1559 3872 primo
1599 3803 1824 3871 quidem
1860 3804 2134 3874 effugisse,
2164 3804 2362 3859 deinde
2391 3807 2579 3859 antem
2605 3804 2771 3859 venia
2797 3821 2909 3858 non
2935 3803 3250 3873 impetrata„

776 3900 967 3951 tamen
1002 3896 1228 3963 impune
1265 3891 1488 3946 rediisse
1524 3893 1839 3961 ponendum
1877 3896 2032 3948 esset.

958 3982 1002 4049 ³)
1038 4000 1089 4037 v,
1129 3980 1502 4036 Schoemann:
1547 3982 1808 4050 »Antiqm
1833 3983 1938 4037 iur.
1968 3983 2119 4052 publ.
2151 3984 2275 4038 Gn«
2316 4002 2369 4053 p.·
2400 3983 2531 4049 2253
2571 3982 2906 4044 accuratius;
2941 3982 3064 4036 »Gn
3086 3982 3241 4036 Alts-

782 4074 802 4125 l
839 4073 942 4126 399
956 4093 970 4136 ;
1008 4071 1075 4125 cf.
1114 4070 1237 4140 Lys.
1275 4070 1430 4125 XXV
1468 4072 1562 4136 27;
1603 4071 1742 4125 And.
1782 4072 1850 4126 de
1885 4074 2049 4143 myst.
2092 4073 2209 4127 107.

960 4157 1003 4226 ⁴)
1040 4159 1106 4213 cf.
1146 4159 1347 4229 Paulyi
1408 4161 1855 4230 »Real-Eneycl.‹<
1896 4161 1924 4214 I
1973 4163 2018 4224 1,
2078 4162 2179 4216 168
2191 4183 2205 4227 ;
2261 4161 2478 4217 Gilbert
2530 4162 2557 4215 I
2612 4162 2743 4227 2933
2798 4161 2991 4215 Busolt
3045 4161 3077 4227 ξ
3137 4160 3241 4213 194

679 4283 686 4288 -
775 4267 837 4318 Ρ.
873 4248 989 4314 175,
1031 4250 1088 4314 35
1127 4249 1442 4305 Caillemer:
1497 4249 1672 4304 ›Diot.
1723 4250 1818 4305 des
1863 4250 2111 4319 antiqu«
2163 4251 2191 4304 Ι
2237 4252 2306 4304 66
2315 4273 2331 4317 3
2377 4251 2643 4306 Valeton:
2690 4252 3047 4319 Mnemosyne
3092 4268 3147 4303 n.
3194 4266 3236 4302 s.

774 4339 878 4393 XV
915 4355 967 4407 p.
1007 4339 1056 4403 2,
1097 4339 1194 4405 qui
1230 4338 1375 4393 hanc
1412 4338 1551 4408 legis
1588 4339 1885 4394 formulam
1922 4340 2150 4395 statuit:
2194 4357 2294 4395 »ne
2331 4340 2454 4408 quis
2489 4339 2787 4410 rogaverit,
2828 4342 2894 4393 ut
2929 4335 3103 4408 ἄτιμος
3138 4338 3249 4392 fiat.

776 4424 896 4476 ὲπίτι
938 4443 964 4476 ο
994 4447 1039 4476 .«

898 4443 935 4495 μ
959 4443 1007 4584 ξ)
1046 4516 1112 4570 ef.
1152 4516 1345 4571 Busolt
1382 4517 1413 4584 ξ
1459 4518 1556 4571 158
1593 4536 1648 4588 Ρ.
1694 4518 1809 4584 143,
1850 4519 1898 4571 7.

958 4603 1007 4673 ⁸)
1046 4606 1126 4660 De
1163 4606 1346 4675 capite
1384 4606 1683 4661 deminutis
1722 4607 1789 4662 of.
1828 4608 2023 4662 Meier:
2067 4609 2165 4662 »de
2202 4610 2327 4663 bon.
2368 4608 2582 4663 damn«
2623 4626 2676 4677 p.
2717 4609 2818 4662 101
2859 4625 3004 4675 sqq.;
3043 4606 3250 4661 Schoe-

773 4696 968 4750 mann':
1015 4695 1135 4749 »Gn
1177 4695 1323 4748 Alt.«
1365 4696 1392 4748 Ι
1429 4696 1557 4760 362;
1609 4696 1801 4749 Busolt
1839 4696 1874 4748 l.
1913 4697 1951 4749 l.
1990 4698 2020 4762 ξ
2061 4697 2163 4750 158
2200 4714 2253 4765 p.
2295 4697 2415 4750 143.
