3567 5392
1700 520 1719 524 ,
1776 429 2073 524 unffi—⁴
2091 520 2115 524 Α

687 622 907 705 rogari
952 643 1081 688 non
1126 622 1464 707 potuisset,
1510 623 1638 690 nisi
1683 623 1751 688 id
1800 623 2208 708 accessisset,
2256 621 2432 707 quod
2470 621 2663 689 Citiei
2710 629 3001 690 exteram
3046 642 3146 688 re-

686 727 994 811 ligionem
1059 728 1442 795 advehendo
1508 728 1680 797 idem
1745 728 1983 795 facturi
2048 736 2260 812 erant,
2325 728 2499 813 quod
2571 735 2765 796 antea
2829 729 3144 814 Aegyptii

689 835 995 904 fecerant.
1124 836 1379 903 Deinde
1447 837 1504 903 si
1570 835 1830 920 quidem
1894 835 1984 901 ad
2047 835 2230 902 fundi
2294 835 2674 920 acquirendi
2739 837 3147 919 rogationem

688 941 1020 1008 ferendam
1067 943 1263 1010 ἄδειαν
1322 942 1466 1009 dari
1521 963 1794 1010 neccsse
1849 963 1980 1008 non
2035 941 2175 1028 fuit,
2243 964 2388 1009 eam
2452 963 2717 1009 causam
2774 964 2923 1010 esse
2968 950 3146 1028 puto,

690 1049 861 1132 quod
917 1050 985 1115 in
1041 1050 1347 1116 honorem
1403 1049 1572 1118 deae
1635 1050 1891 1134 rogatio
1946 1051 2085 1115 lata
2141 1057 2243 1117 est
2307 1056 2422 1116 aut
2484 1049 2675 1135 quod,
2741 1070 2886 1115 cum
2949 1056 3147 1116 antea

686 1155 1033 1242 Aegyptiis
1114 1177 1370 1241 quoque
1444 1157 1533 1222 ad
1606 1157 1918 1243 templum
1996 1156 2189 1223 Isidis
2263 1156 2429 1224 deae
2506 1155 2886 1240 erigendum
2960 1157 3146 1222 locus

689 1283 1040 1331 concessus
1087 1270 1280 1348 esset,
1339 1285 1419 1330 ea
1476 1264 1830 1330 Citieorum
1887 1263 2277 1349 supplicatio
2345 1262 2626 1350 (ἱκετεία)
2674 1262 2882 1330 videri
2935 1262 3148 1348 potuit

696 1369 1103 1456 ,ἔννομος“.1)
1193 1370 1411 1438 Nihilo
1478 1377 1695 1436 tamen
1755 1371 1971 1437 secius
2027 1369 2219 1436 Citiei
2284 1389 2540 1454 quoque
2599 1369 2669 1436 id
2733 1369 3145 1455 privilegium

690 1497 821 1543 non
873 1484 1116 1562 petunt,
1175 1476 1295 1546 sed
1360 1478 1690 1564 supplices
1757 1476 2039 1564 orant32)
2104 1478 2288 1544 cuius
2354 1476 2449 1543 rei
2514 1476 2681 1543 duas
2735 1476 3147 1562 potissimum

691 1583 948 1649 invenio
1028 1605 1292 1653 causas:
1373 1586 1664 1670 alteram,
1732 1584 1907 1668 quod
1980 1584 2310 1667 inquilinis
2386 1584 2760 1668 rogationes
2825 1582 2993 1649 ferre
3058 1581 3145 1647 ad

693 1698 987 1759 senatum
1040 1692 1477 1777 populumque
1533 1692 1792 1758 omnino
1846 1712 1976 1758 non
2032 1692 2213 1758 licuit
2267 1691 2569 1772 Athenis3
2628 1690 2917 1775 alteram,
2973 1687 3149 1773 quod

691 1796 1042 1880 inquilinos
1116 1797 1384 1865 fundum
1465 1799 1802 1883 acquirere
1870 1806 1936 1865 et
1998 1798 2338 1884 possidere
2402 1798 2510 1862 lex
2572 1797 2793 1862 vetuit.
2912 1797 3150 1862 Verum

693 1902 864 1989 ἀδείᾳ
909 1904 992 1971 iis
1040 1905 1301 1988 quidem
1347 1926 1511 1992 opus
1556 1926 1686 1972 non
1736 1912 1893 1990 erat,
1952 1904 2124 1989 quod
2186 1925 2416 1990 agrum
2481 1903 2803 1987 quendam
2870 1902 2958 1968 ad
3010 1923 3148 1969 rem

693 2030 948 2076 sacram
994 2011 1432 2079 adhibendum
1490 2013 1827 2097 acquirere
1874 2012 2198 2080 volebant.
2309 2013 2506 2078 Cuius
2561 2012 2658 2077 rei
2715 2010 3027 2094 analogia
3079 2009 3145 2073 in

693 2126 993 2203 promptu
1041 2126 1168 2187 est:
1217 2119 1411 2205 Apud
1459 2121 1888 2187 Athenienses
1938 2121 2108 2188 enim
2152 2119 2456 2185 mulieres
2502 2125 2754 2184 tantum
2810 2136 3017 2200 usque
3062 2114 3149 2181 ad

691 2224 895 2290 modii
947 2227 1224 2310 pretium
1279 2234 1668 2314 potestatem
1733 2227 1828 2294 rei
1893 2227 2235 2293 familiaris
2290 2226 2681 2307 habuerunt3
2739 2225 2892 2309 quin
2948 2224 3141 2289 etiam

693 2332 948 2399 mulieri
992 2354 1075 2400 ne
1123 2333 1368 2401 donare
1415 2335 1676 2420 quidem
1721 2335 1903 2400 licuit
1951 2334 2094 2401 sine
2137 2333 2369 2400 tutoris
2418 2332 2803 2399 auctoritate
2830 2351 2952 2397 nec
2983 2330 3152 2396 inter

592 2453 597 2457 ’
694 2437 878 2506 vivos
924 2461 1044 2507 nec
1088 2442 1314 2507 mortis
1361 2462 1580 2510 causa.
1635 2441 1941 2508 Attamen
1988 2441 2092 2508 dis
2136 2440 2609 2507 immortalibus
2658 2446 2723 2506 et
2753 2438 3151 2523 temporibus

696 2552 763 2612 et
807 2546 969 2614 locis
1017 2549 1313 2615 omnibus
1361 2569 1476 2616 suo
1523 2549 1662 2615 iure
1720 2548 2246 2616 consecrationes
2303 2547 2583 2614 feminae
2642 2546 2883 2612 fecisse
2927 2545 3150 2609 viden-

692 2654 875 2740 tur.³)
975 2655 1223 2725 Eodem
1279 2656 1470 2723 modo
1527 2657 1651 2723 hac
1717 2657 2062 2723 occasione
2115 2654 2549 2722 Athenienses
2615 2654 2841 2740 templi
2906 2658 3153 2718 exstru-

695 2760 850 2825 endi
903 2769 1298 2846 potestatem
1344 2763 1662 2830 dederunt
1707 2763 1775 2828 in
1821 2764 2127 2830 honorem
2186 2762 2368 2828 deae.
2463 2761 2595 2827 Sed
2651 2767 2924 2844 quaerat
2979 2759 3153 2842 quis·

694 2867 889 2953 piam,
935 2889 1149 2936 nonne
1194 2891 1321 2936 vox
1366 2869 1661 2955 ἱκετεὺειν,
1709 2891 1902 2955 quam
1948 2871 2016 2934 in
2060 2870 2266 2954 titulo,
2315 2869 2398 2935 de
2437 2889 2563 2952 quo
2593 2869 2826 2952 agitur,
2853 2867 3155 2950 legimus,

694 2973 787 3039 ad
831 2975 1035 3040 ἄδειαν
1082 2977 1303 3041 datam
1348 2976 1690 3044 referenda
1730 2978 1831 3043 sit.
1889 2976 2078 3054 Quod
2123 2983 2194 3042 ut
2240 2977 2574 3060 illustrem,
2623 2974 2706 3041 de
2733 2974 2912 3040 verbi
2952 2972 3153 3056 signi·

693 3080 1000 3148 ficatione
1044 3103 1256 3169 pauca
1302 3084 1433 3149 iam
1479 3104 1816 3169 exponam,
1864 3083 2083 3168 quoad
2137 3082 2385 3156 ἱκετείας
2441 3081 2834 3148 caerimonia
2900 3079 2985 3145 ad
3049 3080 3155 3145 ius

696 3190 1028 3273 publicum
1072 3191 1368 3277 pertinet.
1425 3191 1614 3258 Duae
1661 3199 1880 3257 autem
1924 3191 2222 3257 notiones
2270 3189 2375 3256 hic
2423 3187 2927 3273 distinguendae
2974 3192 3151 3252 sunt:

696 3295 907 3363 altera
953 3299 1020 3363 in
1066 3319 1188 3364 usu
1235 3305 1354 3377 est,
1406 3299 1463 3364 si
1509 3300 1655 3382 quis
1703 3298 1980 3383 supplex
2035 3296 2287 3384 (ἱκέτης)
2347 3317 2388 3362 a
2444 3296 2685 3381 populo
2742 3284 2921 3379 petit,
2979 3292 3154 3377 quod

698 3405 882 3488 leges
946 3411 1166 3470 vetant
1232 3404 1435 3491 (quod
1499 3406 1610 3471 ubi
1670 3405 1774 3484 fit,
1845 3405 1928 3472 de
1994 3404 2167 3489 ἀδείᾳ
2234 3403 2454 3469 danda
2519 3401 2937 3485 cogitandum
3004 3402 3154 3484 est),

696 3512 927 3596 altera,
976 3512 1032 3579 si
1079 3512 1223 3596 quis
1269 3514 1450 3598 petit,
1499 3512 1672 3596 quod
1716 3533 1840 3579 usu
1900 3512 2202 3577 sancitur.
2311 3512 2396 3575 Et
2459 3510 2575 3575 illa
2640 3508 2919 3593 quidem,
2984 3526 3154 3590 quae

699 3619 964 3703 propria
1022 3626 1136 3703 est,
1192 3621 1455 3687 notione
1519 3619 1865 3685 adhibetur
1918 3639 2064 3703 VOX,
2130 3619 2185 3684 si
2250 3617 2395 3701 quis
2459 3638 2500 3682 a
2563 3615 2805 3702 populo
2871 3614 3154 3698 gratiam

698 3726 890 3810 petit,
945 3727 1014 3791 id
1073 3737 1171 3793 est
1243 3727 1300 3794 si
1374 3727 1520 3810 quis
1593 3727 1660 3791 in
1724 3725 1999 3792 comitiis
2068 3724 2404 3812 „inemptam
2467 3723 2825 3811 θέμενος“)
2891 3722 3157 3806 impunc

698 3833 899 3898 verba
946 3834 1119 3918 facit,
1165 3841 1236 3899 ut
1281 3834 1486 3900 ἄδειαν
1532 3833 1891 3918 rogationis
1937 3832 2245 3900 ferendae
2293 3833 2590 3916 impetret
2625 3851 2667 3895 a
2694 3826 2954 3914 popu10,
2984 3845 3153 3910 quae

889 4010 924 4078 ¹)
963 4012 1041 4066 Of.
1080 4013 1316 4067 Foucart
1351 4030 1405 4081 p.
1453 4014 1566 4067 130.
1605 4041 1669 4051 -
1715 4013 1796 4066 De
1831 4010 2193 4081 religionibus
2230 4009 2433 4063 exteris
2481 4008 2631 4077 apud
2677 4005 3042 4061 Athenienses
3087 4003 3158 4059 cf.

698 4099 1070 4156 Schoemann:
1113 4101 1238 4156 »Gn
1275 4101 1421 4156 Alt.‹
1466 4102 1490 4155 1
1527 4103 1649 4157 402.
1696 4102 1752 4156 H
1803 4101 1901 4156 147
1948 4118 2094 4168 sqq.;
2132 4099 2361 4154 Liiders:
2406 4097 2539 4152 »Die
2587 4096 2809 4164 Dionys.
2860 4094 3156 4148 Kiinstlerc

698 4189 897 4251 (Berol.
938 4190 1098 4258 1873)
1135 4208 1188 4259 p.
1228 4193 1312 4245 30.
1355 4219 1415 4228 -—
1460 4190 1696 4245 Omnino
1733 4191 1838 4245 hoc
1873 4190 2153 4244 decretum
2190 4206 2225 4242 a
2263 4187 2507 4255 reliquia,
2555 4185 2756 4254 quibus
2801 4182 3158 4253 privilegium

697 4274 988 4347 ἓγκτήσεως
1017 4279 1251 4349 singulis
1279 4280 1593 4334 hominibus
1622 4279 1883 4343 defertur,
1904 4277 2293 4332 secernendum
2320 4279 2428 4340 est;
2450 4275 2517 4329 cf.
2548 4274 2817 4330 Schubert
2844 4273 2881 4325 1.
2912 4273 2948 4326 l.
2977 4290 3031 4340 p.
3067 4270 3158 4323 42.

886 4365 928 4432 ²)
966 4371 1031 4423 cf.
1071 4369 1310 4423 Foucart
1345 4369 1382 4423 l.
1422 4369 1459 4422 l.

885 4455 929 4525 ³)
965 4458 1033 4512 cf.
1074 4458 1544 4513 accuratissimam
1582 4458 1746 4511 huius
1782 4456 1862 4512 rei
1900 4453 2293 4511 tractationem
2331 4453 2481 4522 apud
2512 4451 2808 4507 Henricum
2834 4450 3023 4516 Lewy:
3060 4446 3162 4500 »de

698 4546 856 4600 civili
891 4547 1207 4602 condicione
1252 4548 1548 4603 mulierum
1585 4546 1949 4602 Graecarum«
1993 4543 2243 4609 (Vratisl.
2285 4541 2443 4609 1885)
2491 4559 2544 4610 p.
2584 4542 2670 4595 15.
2709 4540 2773 4592 21
2816 4555 2953 4605 sqq..
3004 4534 3162 4590 cuius

696 4637 869 4692 verba
905 4636 1179 4705 exscripsi.
2259 4640 2260 4643 ’

885 4725 935 4793 ⁴)
973 4727 1040 4781 cf.
1081 4726 1216 4780 Poll.
1254 4726 1388 4780 VIII
1425 4727 1511 4781 96.
