3567 5392
1543 451 1624 514 19

348 667 481 711 non
527 645 686 714 data
731 665 966 729 rogare
1011 644 1255 711 nemini
1298 643 1543 710 liceret.
1562 645 1604 721 ¹)
1672 643 1801 709 Cur
1847 649 2063 710 autem
2091 643 2283 709 venia
2312 642 2590 727 rogandi
2654 643 2815 708 data

346 754 454 832 sit,
523 751 752 818 eadem
809 772 1011 817 causa
1069 757 1186 836 est,
1253 770 1447 834 quam
1512 771 1725 836 supra,
1791 750 1901 815 ubi
1962 750 2318 834 agebamus
2385 749 2467 817 de
2530 751 2812 816 virorum

348 880 467 945 per
522 859 971 926 ostracismum
1030 859 1377 925 eiectorum
1433 858 1873 941 revocatione,
1939 857 2304 924 attulimus:
2361 858 2457 922 rei
2510 857 2812 943 publicae

346 966 769 1052 commodum,
838 967 943 1032 cui
1006 966 1222 1031 omnia
1288 965 1544 1032 cedunt.
1669 964 1740 1030 Si
1816 964 2016 1048 igitur
2086 964 2181 1029 rei
2254 963 2557 1050 publicae
2631 965 2812 1032 salus

348 1074 668 1158 postulat,
738 1073 1216 1139 sanctissimum
1279 1071 1724 1138 iusiurandum
1788 1071 2368 1154 sanctissimaeque
2430 1071 2617 1155 leges
2680 1073 2814 1137 vio-

349 1180 646 1262 lantur.²)
740 1182 982 1246 Verum
1030 1179 1199 1247 enim
1242 1199 1398 1245 vero
1447 1185 1631 1245 extra
1677 1177 1970 1243 ordinem
2015 1184 2265 1243 tantum
2296 1183 2360 1244 et
2384 1177 2813 1263 potissimum,

346 1307 497 1352 cum
546 1286 628 1353 de
676 1287 1014 1354 amnestiis
1062 1288 1396 1371 agebatur,
1443 1286 1511 1350 in
1559 1286 1825 1352 summis
1871 1286 1966 1351 rei
2003 1285 2305 1371 publicae
2334 1284 2812 1352 discriminibus

346 1396 620 1460 crebrae
694 1394 1143 1461 revocationes
1222 1393 1478 1459 exulum
1545 1392 1762 1459 factae
1829 1398 2005 1457 sunt:
2074 1392 2169 1457 ita
2231 1391 2402 1457 bello
2466 1383 2810 1478 PersicO,⁸)

349 1507 501 1586 post
545 1501 787 1567 bellum
842 1501 1469 1587 Peloponnesiacum
1517 1499 1958 1584 confectum,4)
2018 1498 2262 1575 alias.⁵)
2354 1500 2520 1564 Tum
2576 1500 2808 1565 civitas

345 1608 556 1673 oblita
601 1628 810 1673 rerum
868 1615 1019 1674 ante
1076 1615 1366 1674 actarum
1421 1613 1686 1672 revocat
1751 1606 1931 1673 cives
1999 1607 2334 1691 expulsos,
2397 1612 2468 1671 ut
2505 1593 2813 1691 ‘patriam

351 1722 682 1797 tueantur3
741 1714 900 1781 deos
958 1721 1176 1781 autem
1229 1714 1449 1781 laesos
1507 1713 1726 1781 sacris·
1776 1713 2024 1798 placat,
2090 1713 2322 1796 quibus
2384 1733 2514 1778 non
2571 1713 2810 1781 oblatis

351 1821 728 1908 psephisma
792 1822 914 1887 rite
976 1822 1250 1908 perferri
1322 1843 1450 1887 non
1522 1826 1770 1907 potest·
1839 1820 1896 1887 si
1957 1822 2125 1886 bene
2189 1818 2542 1886 ceciderint
2606 1840 2814 1906 sacra,

348 1928 652 2014 placatos
699 1949 772 1995 se
821 1949 968 1995 esse
1016 1928 1083 1993 di
1131 1927 1474 1994 ostendere
1522 1927 1886 1994 creduntur.

535 2036 734 2101 Cuius
782 2037 988 2110 ἀδείας
1036 2036 1321 2121 speciem
1368 2034 1696 2120 quandam
1741 2034 1971 2121 paucis
2020 2055 2368 2119 exponam:
2420 2033 2659 2101 Caedis
2705 2015 2817 2099 vo-

348 2143 678 2208 luntariae
741 2142 873 2209 reis
936 2148 1086 2228 post
1150 2142 1423 2228 primam
1479 2142 1950 2226 defensionem,
2010 2142 2068 2207 si
2124 2162 2365 2208 causae
2421 2141 2816 2227 diffiderent,

352 2248 716 2313 voluntario
782 2248 977 2314 exilio
1045 2249 1256 2314 solum
1316 2255 1573 2314 vertere
1637 2249 1906 2341 licuisse
1968 2255 2241 2314 constat.
2256 2249 2309 2332 6)
2428 2247 2571 2326 Quo
2638 2248 2813 2314 facto

351 2354 669 2421 redeundi
723 2343 981 2420 veniam
1036 2354 1194 2420 dare
1252 2355 1649 2441 propinquos
1696 2355 1806 2421 lex
1850 2356 2079 2440 vetuit,
2128 2354 2193 2422 et
2239 2356 2819 2422 thesmothetarum

346 2461 476 2528 fuit
519 2462 762 2547 videre,
808 2466 901 2527 ut'
938 2463 1163 2528 exules
1225 2463 1364 2528 eius
1424 2463 1682 2546 generis
1746 2462 2021 2529 reduces
2085 2469 2290 2528 morte
2349 2461 2813 2549 punirentur.⁷)

350 2567 605 2645 Quodsi
653 2570 797 2652 quis
844 2571 1325 2635 revocationem
1354 2570 1626 2635 ‘illorum
1680 2575 2027 2652 rogaturus
2084 2576 2277 2653 esset,
2333 2568 2404 2633 id
2448 2569 2575 2636 nisi
2620 2570 2815 2636 venia

351 2675 579 2762 populi
636 2677 985 2761 impetrata
1029 2675 1172 2742 fieri
1246 2697 1374 2742 non
1430 2677 1655 2762 potuit.
1746 2677 1917 2744 Nam
1968 2676 2299 2742 revocatio
2356 2676 2617 2760 quidem
2674 2697 2817 2743 cum

351 2782 538 2865 leges
558 2782 761 2849 violat
781 2791 917 2848 tum
936 2783 1114 2868 deos,
1132 2804 1401 2868 quorum
1429 2784 1571 2849 loco
1600 2784 1880 2869 populus
1909 2782 2387 2850 interfectorem
2415 2804 2456 2849 a
2483 2785 2817 2869 republica

350 2890 737 2972 excludit38)
794 2890 999 2956 redux
1060 2897 1276 2956 autem
1331 2891 1706 2957 interfector
1761 2891 2092 2957 civitatem
2147 2891 2516 2958 universam
2562 2890 2813 2975 polluit.

540 3032 579 3100 1)
619 3034 707 3087 Ad
752 3034 1087 3089 sententiam
1134 3036 1380 3088 nostram
1428 3033 1773 3088 Schoemann
1818 3033 1880 3086 in
1929 3033 2288 3101 »antiquitat
2335 3033 2437 3087 iur.
2485 3035 2635 3103 publ.
2688 3034 2813 3089 Gn«

348 3139 523 3192 prope
542 3123 785 3187 accessit,
807 3122 903 3178 ubi
922 3122 1002 3192 (p.
1015 3122 1146 3190 234)
1176 3122 1313 3177 haec
1341 3122 1624 3177 dicuntur:
1659 3123 1880 3176 »Etiam
1901 3121 2000 3177 alii
2020 3123 2220 3188 exuleS,
2251 3123 2348 3190 qui
2366 3140 2478 3176 non
2496 3124 2816 3178 ostracismo

345 3211 449 3265 >sed
483 3211 689 3266 iudicio
727 3211 980 3267 damnati
1017 3212 1294 3280 simulque
1329 3212 1565 3266 infamia
1592 3208 1810 3280 (ἀτιμίᾳ)
1844 3215 1901 3267 et
1928 3213 2197 3267 bonorum
2223 3212 2601 3281 publicatione
2628 3212 2816 3282 puniti

344 3303 530 3366 erant,
569 3301 791 3355 restitui
828 3319 939 3356 non
975 3304 1237 3370 poterant
1271 3300 1381 3355 nisi
1416 3301 1610 3370 populi
1656 3301 1833 3366 iussu;
1880 3308 1982 3355 nec
2026 3301 2142 3356 alia
2186 3301 2306 3356 ulla
2348 3319 2526 3370 poena
2561 3302 2815 3371 legitime

351 3389 463 3443 nisi
501 3408 536 3444 a
571 3391 777 3460 populo
814 3390 873 3444 in
913 3391 1152 3445 comitiis
1187 3390 1403 3445 remitti
1441 3393 1542 3445 aut
1578 3389 1853 3455 imminui,
1892 3407 1993 3444 nec
2028 3389 2213 3460 rogari
2250 3390 2356 3444 hac
2392 3390 2460 3444 de
2495 3407 2552 3445 re
2578 3392 2814 3461 populus

350 3481 590 3547 poterat,
628 3479 737 3533 nisi
772 3480 939 3534 venia
976 3483 1107 3534 ante
1144 3479 1493 3549 impetrata«
1572 3479 1838 3533 Disertim
1885 3481 2074 3533 autem
2120 3479 2463 3533 Schoemann
2500 3476 2642 3547 ἀδείᾳ
2678 3498 2814 3550 opus

342 3567 520 3621 ‘fuisse
568 3568 638 3622 ad
682 3569 828 3623 hanc
873 3569 1221 3637 rogationem
1268 3569 1549 3623 ferendam
1599 3567 1748 3635 [πιθα.
1789 3569 2023 3622 Altert.«
2064 3569 2091 3621 I
2127 3567 2254 3636 399]
2305 3568 2606 3624 affirmavit
2652 3588 2814 3640 argu-

346 3654 555 3711 'mentis
593 3675 724 3712 sane
759 3676 870 3713 non
910 3659 1123 3724 allatis3
1147 3660 1263 3713 'nec
1297 3676 1450 3713 secus
1485 3658 1727 3727 Lipsius:
1772 3659 1922 3712 »Att.
1963 3656 2174 3713 Proc.²‹
2215 3675 2267 3726 Ρ.
2308 3659 2428 3711 992.

537 3744 586 3815 ²)
631 3748 715 3800 Ex
769 3747 1128 3803 sanctissimis
1186 3751 1376 3802 autem
1421 3747 1637 3817 legibus
1683 3764 1797 3802 una
1851 3751 1972 3802 erat
2026 3748 2184 3802 haec:
2240 3746 2354 3807 τοὺς
2410 3744 2681 3817 φεύγοντας
2737 3748 2815 3819 μὴ

344 3833 616 3904 ’κατάγει-ιν,
671 3837 730 3890 id
783 3838 931 3905 quod
985 3854 1052 3891 ex
1106 3840 1310 3892 natura
1357 3840 1414 3891 et
1460 3836 1776 3891 condicione
1832 3836 2191 3905 antiquarum
2236 3854 2418 3891 rerum
2466 3837 2815 3905 publicarum

346 3923 730 3993 intellegitur:
771 3926 836 3980 cf.
878 3925 986 3981 Cic.
1015 3927 1168 3981 Verr.
1208 3927 1261 3981 V
1298 3928 1347 3980 6.

535 4011 578 4081 8)
615 4014 683 4068 cf.
720 4015 925 4069 A.ndoc
963 4016 1030 4070 de
1066 4019 1229 4084 myst.
1273 4015 1561 4081 107.109;
1609 4015 1840 4070 Scheibe
1877 4015 1987 4069 1.1.
2027 4034 2082 4085 p
2120 4017 2189 4070 38
2228 4016 2353 4072 adn.
2400 4017 2480 4072 19.

537 4103 581 4169 ⁴)
620 4102 686 4157 cf.
714 4104 919 4159 Andoc.
950 4105 985 4158 l.
1008 4104 1042 4158 l.
1065 4106 1162 4170 80,
1192 4105 1386 4159 Meier:
1431 4104 1529 4160 »de
1565 4105 1687 4206 bon.
1728 4104 1944 4158 damus
1989 4123 2040 4174 p.
2070 4105 2176 4158 229
2204 4108 2318 4159 not.
2338 4105 2471 4169 247;
2509 4105 2737 4160 Scheibe
2775 4106 2811 4160 l.

349 4193 390 4246 1.
429 4211 482 4262 p.
521 4193 590 4246 38
627 4193 750 4248 adn.
790 4195 876 4247 20.

537 4279 581 4349 ⁶)
619 4282 685 4336 cf.
724 4283 861 4336 Xen.
900 4283 968 4336 H.
1008 4283 1100 4337 Gr.
1138 4283 1193 4337 II
1229 4283 1280 4347 2,
1312 4285 1393 4338 11.
1423 4283 1510 4337 20.
1539 4283 1633 4348 233
1673 4283 1967 4353 Lipsius.»
1943 4282 2322 4339 »²‹Att.Proc.
2296 4302 2399 4352 «p.
2422 4284 2524 4338 992
2545 4285 2669 4337 adn.
2692 4285 2813 4341 638.

537 4369 580 4438 ⁶)
618 4372 684 4425 cf.
722 4372 861 4427 Poll.
907 4372 1043 4427 VIII
1087 4374 1213 4438 1173
1249 4373 1444 4427 Meier:
1489 4373 1586 4427 »de
1621 4374 1744 4428 bon.
1795 4373 2012 4426 damn«
2054 4391 2107 4442 Ρ.
2153 4373 2214 4426 18
2253 4372 2405 4439 (adn.
2444 4371 2557 4439 4⁹03
2599 4373 2814 4429 Gilbert

346 4460 380 4514 I
417 4460 521 4514 368
561 4460 686 4514 adn.
733 4462 775 4514 1.

539 4547 581 4619 ⁷)
619 4551 685 4606 cf.
724 4552 863 4606 Poll
900 4553 1035 4608 VIII
1073 4553 1167 4618 86;
1210 4552 1378 4622 [Lys]
1419 4554 1498 4608 VI
1539 4554 1633 4618 15;
1671 4553 1826 4607 Dem.
1873 4554 2057 4607 XXIII
2097 4551 2445 4618 313Gi1bert
2482 4553 2508 4605 Ι
2545 4552 2647 4607 368
2687 4553 2820 4610 adn.

349 4640 416 4706 43
454 4640 522 4693 Η.
560 4641 766 4694 Meuss:
812 4642 908 4696 »de
945 4639 1251 4712 ἀπαγωγῆς
1271 4641 1518 4697 actione«
1559 4660 1613 4711 Ρ.
1656 4643 1721 4748 19
1749 4660 1868 4709 sqq.

539 4729 581 4797 8)
619 4730 686 4784 cf
724 4730 942 4786 Gilbert
977 4733 1004 4786 1
1043 4735 1162 4787 361

1220 4818 1223 4821 .
2422 4818 2494 4873 2*
