3567 5392
1603 430 1725 493 127

432 624 631 689 aliter
677 622 984 707 exposuit
1030 621 1391 687 Guilelmus
1437 622 1745 706 Hartel,¹)
1814 623 1924 704 qui
1973 621 2362 687 coniectavit
2407 621 2897 708 προχειροτονίαν

433 731 611 797 idem
648 728 1021 813 significare
1068 728 1240 811 quod
1287 729 1527 795 nostris
1573 729 1988 814 temporibus,
2035 735 2107 793 ut
2143 728 2386 794 recenti
2423 728 2679 793 nomine
2717 735 2891 792 utar:

441 844 656 917 „erste
708 837 1028 920 Lesung“,
1082 834 1281 919 idque
1339 836 1528 920 copia
1585 835 1746 901 satis
1803 836 1993 918 larga
2060 835 2389 900 titulorum
2454 834 2658 899 allata
2721 841 2894 900 recte

432 945 567 1010 dici
615 943 862 1009 studuit
908 942 1368 1008 demonstrare.
1424 941 1556 1007 Sed
1593 940 1761 1007 hanc
1800 941 2188 1008 sententiam
2223 941 2539 1025 imprimis
2579 941 2895 1024 Grilbert2)

437 1050 868 1136 impugnabat
915 1055 979 1114 et
1023 1055 1255 1133 postea
1301 1048 1572 1129 Miller-¹³)
1618 1047 1808 1114 iustis
1857 1048 2273 1130 argumentis.
2365 1045 2552 1123 Quae
2607 1067 2713 1113 res
2768 1047 2893 1112 huc

435 1177 696 1241 quoque
751 1155 1051 1241 pertinet,
1111 1175 1256 1220 cum
1312 1155 1536 1220 Hartel
1596 1155 1960 1239 opinionem
2030 1174 2215 1220 suam
2279 1174 2425 1220 cum
2490 1154 2639 1219 aliis
2703 1156 2894 1221 rebus

433 1272 575 1329 tum
622 1262 988 1328 ostracismi
1046 1260 1329 1327 habendi
1383 1262 1638 1328 ratione
1697 1261 1978 1345 probare
2023 1260 2318 1327 voluerit.
2412 1261 2488 1324 In
2546 1260 2672 1325 hac
2728 1261 2896 1326 enim

439 1372 702 1437 actione
749 1369 860 1434 ille
907 1368 1166 1452 quidem
1218 1369 1513 1452 secernit,
1553 1375 1622 1433 ut
1657 1368 1867 1453 ipsius
1896 1367 2113 1432 verbis
2142 1372 2316 1432 utar:
2353 1373 2564 1445 „erste
2592 1367 2892 1450 Lesung“

437 1479 546 1544 vel
616 1476 1263 1558 „Vorabstimmung“
1333 1483 1399 1541 et
1466 1473 2356 1557 „Schlussverhandlung“.‘¹)
2477 1474 2610 1540 Sed
2683 1493 2764 1541 ne
2830 1474 2898 1539 id

433 1584 699 1668 quidem
744 1584 885 1648 viro
934 1583 1311 1649 doctissimo
1360 1590 1809 1666 argumentum
1863 1583 2177 1667 praebere
2223 1589 2456 1667 potest,
2514 1602 2659 1647 cum
2712 1582 2895 1666 haec,

436 1693 523 1757 de
570 1712 699 1775 qua
747 1711 955 1757 sermo
1002 1690 1094 1764 fit,
1153 1691 1324 1756 actio
1378 1710 1509 1755 non
1562 1712 1714 1775 προ·
1771 1689 1890 1755 sed
1946 1690 2420 1775 ἐπιχειροτονίας
2473 1689 2732 1755 nomine
2785 1709 2894 1755 vo-

434 1805 649 1880 cetur,
699 1805 769 1863 at
817 1797 1076 1863 etiamsi
1121 1798 1246 1881 bac
1300 1798 1369 1861 in
1414 1817 1483 1861 re
1537 1802 2001 1883 προχειροτονία
2055 1796 2228 1862 iusta
2283 1802 2461 1862 esset
2515 1795 2891 1880 appellatio,

434 1925 611 1988 quae
656 1904 838 1969 illam
885 1904 1214 1970 notionem
1260 1904 1549 1979 haberet,
1597 1911 1818 1969 tamen
1864 1888 2132 1968 multum
2181 1901 2397 1968 differt
2423 1902 2590 1968 inter
2617 1908 2896 1991 ψήφισμα

435 2012 531 2077 ἐπ’
581 2012 752 2097 ἀνδρί
797 2018 861 2077 et
908 2012 1183 2096 simplex
1240 2011 1717 2096 populiscitum.
1807 2010 2035 2093 Neque
2091 2010 2306 2092 magis
2363 2010 2729 2075 ostracismi
2784 2009 2896 2074 ha-

441 2118 636 2184 bendi
683 2119 851 2183 ratio
901 2119 1288 2186 sententiam
1335 2118 1782 2184 Hartelianam
1831 2117 2184 2182 confirmat.
2250 2117 2504 2181 Etenim
2548 2116 2726 2202 prior
2779 2117 2896 2181 illa

436 2224 740 2309 suffragii
783 2225 944 2290 latio
990 2225 1236 2290 nullam
1283 2225 1481 2290 aliam
1524 2225 1653 2290 vim
1699 2224 1916 2307 habet,
1953 2223 2079 2289 nisi
2126 2244 2321 2306 quam
2367 2244 2565 2308 supra
2618 2224 2897 2291 diximus

446 2384 473 2411 „
491 2333 1111 2418 Vorabstimmung“,
1169 2333 1403 2416 quibus
1450 2333 1519 2396 in
1565 2332 1843 2397 comitiis
1891 2330 2297 2396 deliberabat
2341 2332 2640 2416 populus,
2687 2339 2897 2398 utrum

437 2438 921 2529 ὀστρακοφορίαν
976 2440 1216 2511 habere
1276 2447 1602 2525 oporteret
1655 2460 1879 2506 necne.
1975 2439 2255 2506 Senatus
2301 2439 2502 2521 igitur
2548 2439 2895 2505 constituto

437 2553 733 2632 tempore
796 2549 1217 2633 probuleuma
1288 2547 1376 2612 ad
1440 2548 1747 2632 populum
1812 2547 1976 2630 tulit,
2041 2566 2171 2628 qua
2234 2566 2303 2611 re
2368 2545 2450 2610 de
2515 2547 2897 2613 ostracismo

441 2654 741 2720 babendo
790 2675 930 2720 cum
979 2655 1218 2741 populo
1267 2653 1506 2738 agendi
1554 2653 1835 2719 facultas
1875 2660 1976 2718 est
2013 2652 2187 2719 data.
2256 2652 2329 2717 Si
2367 2659 2582 2718 autem
2616 2654 2896 2739 populus

442 2765 916 2855 ὀστρακοφορίαν
981 2764 1384 2851 decreverat,
1450 2767 1517 2831 in
1582 2764 2116 2832 extraordinariis
2181 2764 2460 2830 comitiis
2473 2761 2523 2846 ⁵)
2583 2770 2895 2831 testarum

439 2873 760 2959 suffragia
821 2875 889 2940 in
954 2876 1093 2940 foro
1159 2895 1201 2939 a
1254 2876 1495 2960 populo
1561 2875 1844 2940 tributim
1908 2874 2046 2938 lata
2116 2880 2284 2941 sunt.
2375 2874 2606 2957 Itaque
2670 2882 2895 2959 aperte

437 2981 618 3066 prior
670 2981 964 3065 suffragii
1016 2982 1174 3047 latio
1222 2980 1705 3070 (ἐπιχειροτονία)
1762 2983 1868 3048 vel
1921 2982 2093 3047 actio
2151 2988 2215 3048 et
2267 2981 2443 3047 iusta
2496 2982 2887 3067 propriaque

438 3095 756 3155 testarum
794 3088 1109 3173 suffragia
1146 3089 1654 3180 (ὀστρακοφορία),
1695 3090 1869 3155 nullo
1908 3096 2124 3156 autem
2160 3091 2355 3157 verbo
2397 3090 2567 3156 duae
2604 3093 2894 3160 actiones

439 3196 939 3279 distinguuntur.
1021 3222 1024 3225 ’

625 3302 757 3369 Sed
805 3310 875 3369 ut
920 3304 1007 3368 ad
1034 3324 1169 3370 rem
1197 3305 1598 3389 propositam
1636 3311 2049 3389 revertamur,
2089 3326 2238 3369 num
2283 3304 2352 3369 in
2381 3306 2613 3372 veniae
2643 3327 2896 3391 quoque

438 3408 710 3476 datione
789 3410 957 3477 duas
1035 3410 1353 3476 eiusmodi
1428 3412 1759 3478 contiones
1836 3417 2120 3477 statuere
2192 3411 2414 3495 liceat,
2488 3411 2896 3497 indagemus,

443 3515 719 3583 Gilberti
781 3523 846 3583 et
891 3517 1196 3583 Valetoni
1254 3518 1552 3603 exempla
1607 3525 1867 3584 secutus
1879 3519 1928 3595 ⁶)
1988 3518 2381 3584 simillimam
2434 3519 2659 3585 horum
2718 3528 2899 3610 ψηφι--

443 3628 686 3708 σμάτων
733 3621 826 3689 ἐπ’
877 3623 1041 3710 ἀνδρί
1088 3624 1536 3691 condicionem
1580 3632 1735 3710 puto
1783 3625 2006 3692 fuisse.
2078 3627 2307 3708 Itaque
2336 3626 2395 3692 si
2423 3626 2568 3709 quis
2610 3648 2662 3694 e.
2691 3648 2746 3695 c.
2787 3637 2901 3695 aut

629 3817 670 3884 ¹)
713 3818 976 3874 »Studien
1004 3822 1093 3874 ub.
1124 3823 1227 3875 att.
1258 3820 1602 3876 Staatsrecht
1630 3840 1683 3875 u.
1712 3821 2229 3876 Urkundenwesen«
2255 3839 2308 3890 p.
2342 3822 2442 3875 180
2468 3839 2588 3890 sqq.
2617 3822 2724 3876 202
2753 3840 2901 3891 sqq.;

439 3907 682 3962 eundem
719 3908 778 3961 in
823 3909 1035 3963 »Wien.
1075 3908 1265 3964 stads
1305 3910 1333 3964 I
1368 3928 1421 3979 p.
1461 3910 1565 3964 269
1578 3910 1759 3964 —294.

631 3993 673 4062 ⁹)
713 3997 778 4051 cf.
817 3997 1007 4053 Jahrb.
1044 3997 1082 4051 f.
1121 3999 1287 4053 klass.
1328 3998 1472 4053 Phil.
1517 3998 1651 4053 1879
1688 4017 1740 4067 p.
1781 3998 1885 4053 237
1924 4016 2068 4066 sqq.;
2106 3999 2239 4054 ibid.
2281 3999 2420 4053 1880
2457 4016 2511 4068 p.
2552 4001 2656 4054 529
2692 4018 2810 4068 sqq.

633 4082 677 4150 8)
714 4086 775 4139 in
805 4087 1293 4142 commentatione:
1339 4088 1438 4142 »de
1463 4087 1695 4142 decretis
1726 4088 1844 4143 Att.
1874 4091 2088 4155 quaest.
2112 4088 2351 4157 epigr.‹<;
2390 4088 2457 4143 cf.
2498 4089 2692 4144 Busolt
2729 4090 2760 4156 ἓ
2803 4089 2905 4145 190

455 4190 510 4242 p.
554 4175 723 4238 171,9.

630 4261 673 4328 4)
711 4264 778 4318 cf.
821 4265 1037 4319 Hartel:
1081 4264 1300 4321 »Studet
1344 4282 1390 4319 e.
1429 4283 1476 4319 c.
1512 4283 1564 4334 p.
1611 4266 1736 4329 180;
1781 4265 1996 4322 »Wien.
2035 4265 2224 4320 Stud.«
2267 4267 2292 4319 Ι
2328 4285 2381 4335 p.
2420 4267 2545 4323 282.
2585 4268 2705 4323 290.

631 4350 676 4419 ⁶)
713 4352 954 4407 Valeton
991 4353 1243 4421 quidem:
1281 4355 1545 4408 Mnemos.
1581 4373 1635 4409 n.
1671 4372 1715 4409 s.
1753 4354 1886 4408 XVI
1915 4371 1969 4423 p.
2001 4355 2034 4409 6
2059 4355 2369 4410 contendit:
2404 4357 2905 4426 ›ostracophoriam

447 4457 519 4494 ex
553 4441 677 4510 lege
715 4441 1027 4496 habendam
1061 4442 1229 4496 fuisse
1276 4442 1364 4497 die
1411 4442 1649 4511 proximi
1694 4443 1931 4508 concilii,
1977 4446 2273 4512 postquam
2320 4447 2549 4513 accepta
2594 4449 2736 4501 esset
2781 4462 2907 4515 προ-

439 4527 773 4598 χειροτονὶαε.
850 4531 1077 4596 Causae,
1116 4549 1255 4599 quas
1291 4532 1388 4587 ille
1425 4531 1607 4595 affert,
1647 4533 1961 4602 gravissimi
1997 4534 2265 4589 momenti
2303 4552 2418 4589 esse
2453 4535 2594 4589 mihi
2630 4535 2908 4602 videntur,

438 4618 541 4672 sed
574 4637 711 4673 num
746 4637 879 4674 vera
913 4620 989 4674 sit
1027 4620 1143 4675 eius
1177 4620 1475 4687 sententia,
1514 4639 1612 4691 pro
1649 4624 1798 4676 certo
1836 4621 2016 4677 dicere
2050 4640 2161 4677 non
2197 4623 2388 4678 audeo.

629 4705 674 4774 ³)
711 4727 761 4761 v.
800 4725 967 4778 supra
1002 4727 1056 4778 p.
1096 4709 1197 4763 124
1236 4713 1294 4765 et
1332 4709 1457 4764 adn.
1477 4710 1529 4763 ·8
1566 4709 1748 4766 initio.
