3567 5392
1585 394 1670 457 63

392 598 579 656 tasse
625 589 805 655 dicat
850 589 1090 672 aliquis
1138 588 1306 654 hanc
1353 609 1621 655 causam
1675 589 1883 660 ἀδείας
1928 587 2189 654 dandae
2236 589 2517 654 maxime
2564 588 2652 653 ad
2698 596 2858 654 tem·

394 718 562 783 pora
609 696 1051 763 democratiae
1111 695 1470 762 dissolutae
1529 701 1595 762 et
1650 694 2012 762 effrenatae
2070 695 2393 778 quadrare
2449 694 2674 779 videri,
2729 716 2858 760 non

394 812 805 890 temperatae
854 810 918 870 et
964 802 1373 885 moderatae3
1421 803 1552 869 illis
1600 808 1818 869 autem
1864 803 2259 887 temporibus
2305 802 2514 867 ἄδειαν
2570 803 2858 886 rogatori

392 910 669 978 concedi
724 930 851 976 non
908 900 1038 975 iam
1095 910 1488 995 oportuisse,
1561 909 1679 976 sed
1735 909 2015 993 simplici
2068 909 2515 994 psephismate
2573 907 2861 996 εἰσφοράς

402 1019 761 1102 imperatas
809 1037 957 1083 esse
1004 1016 1354 1084 verisimile
1402 1024 1518 1085 est.
1612 1017 1667 1081 E
1716 1016 2038 1082 contrario
2094 1015 2163 1080 id
2217 1016 2427 1101 ipsum
2484 1016 2859 1082 moderatae

395 1124 844 1190 democratiae
893 1131 995 1190 est
1041 1124 1320 1189 omnium
1369 1123 1621 1204 civium,
1663 1123 1936 1189 divitum
1962 1143 2338 1208 pauperum,
2368 1144 2474 1189 res
2504 1122 2859 1190 familiares

395 1253 613 1315 aeque
660 1232 843 1297 tueri.
901 1231 1061 1298 Cum
1108 1238 1326 1297 autem
1370 1229 1620 1319 εἰσφορά
1665 1231 1759 1296 rei
1804 1231 2109 1316 publicae
2156 1230 2223 1295 in
2270 1231 2577 1296 damnum
2623 1230 2860 1296 civium

402 1339 815 1424 privilegium
876 1339 978 1423 sit,
1032 1338 1215 1421 leges
1263 1359 1410 1404 eam
1456 1338 1676 1421 rogari
1720 1344 1960 1422 vetant,
2013 1337 2285 1423 perinde
2331 1358 2411 1403 ac
2459 1337 2514 1403 si
2562 1338 2706 1420 quis
2752 1358 2860 1421 pe·

397 1447 612 1512 cuniis
663 1446 869 1513 sacris
914 1445 1227 1530 populum
1273 1446 1370 1510 uti
1415 1445 1590 1511 velit.
1683 1445 1896 1529 Atque
1943 1465 2013 1510 re
2060 1430 2217 1510 vera
2264 1443 2516 1533 εἰσφορά
2561 1444 2629 1509 in
2675 1444 2862 1509 titulo

398 1553 617 1619 Attico
697 1552 889 1635 [CJA.
955 1552 987 1617 I
1009 1555 1094 1619 32
1108 1553 1185 1636 Β]
1260 1573 1403 1618 cum
1482 1552 1903 1637 pecuniarum
1969 1572 2299 1618 sacrarum
2363 1551 2863 1631 deminutione¹)

398 1660 743 1744 confertur,
796 1680 989 1741 quam
1035 1659 1228 1724 venia
1272 1679 1401 1724 non
1450 1658 1610 1724 data
1655 1679 1889 1743 rogare
1934 1679 2063 1723 non
2109 1659 2308 1725 licuit.
2373 1659 2592 1742 Immo,
2639 1658 2862 1742 quinto

398 1766 670 1850 quidem
715 1787 774 1831 a.
822 1767 963 1831 Chr.
1010 1788 1071 1834 n.
1123 1767 1406 1851 saecu10,
1453 1787 1599 1832 cum
1647 1766 1913 1832 deorum
1961 1766 2217 1831 aeraria
2262 1766 2521 1850 magnis
2567 1766 2862 1850 pecuniis

402 1881 590 1939 erant
637 1873 893 1956 referta,
915 1943 920 1948 ,
939 1895 1077 1940 rem
1129 1873 1463 1959 publicam
1523 1875 1739 1958 magis
1796 1894 1838 1938 a
1894 1874 2129 1939 civium
2185 1875 2379 1940 rebus
2436 1873 2864 1938 familiaribus

399 2001 605 2064 quam
651 1982 735 2046 ab
784 1981 1057 2047 aerariis
1107 1981 1372 2046 deorum
1418 2001 1647 2047 manus
1706 1980 2102 2047 abstinuisse
2157 2001 2239 2046 ex
2296 2001 2374 2047 eo
2431 1987 2632 2066 patet,
2691 1979 2865 2064 quod

406 2089 743 2173 permultis
799 2089 933 2153 iam
977 2088 1484 2155 mutuationibus
1531 2088 1742 2171 factis,
1792 2108 1936 2153 cum
1989 2088 2309 2173 pecuniae
2366 2108 2597 2154 sacrae
2652 2087 2865 2170 magis

400 2196 746 2278 magisque
785 2203 1207 2280 consumptae
1233 2202 1471 2280 essent,
1510 2201 1644 2260 tum
1691 2194 1965 2279 demum,
2012 2201 2082 2260 ut
2108 2195 2317 2279 primo
2350 2194 2864 2260 extraordinario

400 2303 646 2368 tributo
692 2302 1011 2387 pecuniae
1058 2302 1146 2366 ad
1205 2303 1445 2368 bellum
1501 2301 1857 2386 gerendum
1913 2302 2368 2386 conferrentur,
2422 2303 2702 2387 populus
2758 2300 2865 2366 de·

402 2407 691 2497 crevit.²)
794 2410 1008 2492 Atque
1075 2408 1370 2492 quamvis
1428 2430 1628 2495 saepe
1683 2408 1838 2476 inde
1896 2410 1979 2475 ab
2035 2409 2148 2474 illo
2205 2416 2495 2495 tempore
2553 2407 2864 2497 εἰσφοράθ)

404 2515 659 2582 civibus
706 2516 1170 2601 imponeretur,
1225 2522 1440 2582 tamen
1498 2517 1805 2582 extremis
1861 2536 2115 2600 quoque
2171 2499 2595 2602 temporibus,
2650 2523 2721 2581 ut
2775 2516 2869 2582 ait

410 2623 1078 2689 Hauvette·Besnault
1132 2623 1326 2706 [„Les
1375 2619 1708 2706 Strateges
1756 2623 2152 2689 Atheniens“
2202 2645 2268 2708 p.
2327 2625 2512 2706 134]:
2577 2621 2868 2711 „sioepopi

404 2731 506 2795 fut
551 2733 843 2812 toujours
889 2750 1015 2795 une
1061 2750 1316 2796 mesure
1369 2730 1900 2814 extraordinaire,
1941 2750 2067 2813 que
2112 2730 2175 2796 le
2220 2730 2460 2816 peuple
2505 2751 2588 2795 ne
2636 2751 2707 2796 se
2755 2729 2866 2795 de·

406 2835 616 2902 cidait
660 2841 700 2900 a
746 2843 930 2901 voter
977 2837 1077 2919 qu’
1129 2857 1207 2902 en
1254 2841 1569 2922 presence
1617 2836 1767 2902 d'un
1816 2836 2066 2920 danger
2109 2837 2563 2920 imminent.“⁴)

593 2958 809 3046 Ἀδείᾳ
873 2961 1073 3044 igitur
1137 2981 1243 3027 res
1307 2961 1572 3046 publica
1635 2960 1990 3047 impedivit,
2057 2960 2397 3045 quominus
2464 2961 2698 3027 civium
2760 2982 2866 3028 res

408 3068 773 3134 familiares
817 3067 1180 3134 immodicis
1227 3068 1484 3135 tributis
1533 3067 2069 3145 extraordinariis,
2112 3069 2303 3135 nimis
2334 3067 2869 3153 deminuerentur,

408 3182 481 3240 et
525 3176 814 3258 rogatori
861 3176 1033 3260 ἀδείᾳ
1082 3195 1243 3260 opus
1292 3174 1428 3260 fuit,
1477 3175 1666 3259 quod,
1723 3175 1944 3259 quinto
1993 3175 2254 3258 quidem
2310 3196 2369 3239 a.
2420 3176 2560 3243 Chr.
2610 3197 2670 3242 n.
2727 3195 2870 3242 sae·

416 3354 577 3408 hatte
612 3353 882 3408 inhibiert
919 3353 1137 3407 werden
1167 3353 1442 3419 konnen«,
1471 3354 1818 3408 obliviscitur
1844 3353 2081 3408 Athenis
2107 3354 2258 3423 leges
2285 3354 2410 3423 plus
2436 3353 2674 3407 valuisse
2703 3371 2873 3421 quam

410 3442 610 3512 populi
647 3442 1026 3511 psephismata
1065 3441 1155 3510 [cf.
1194 3443 1389 3497 Busolt
1425 3443 1456 3509 ξ
1501 3443 1600 3497 193
1636 3461 1690 3511 p.
1733 3442 1874 3511 1741.
1948 3442 2093 3508 Quin
2130 3443 2304 3497 etiam
2351 3447 2522 3513 γραφῇ
2567 3441 2871 3512 παρανόμων

408 3530 666 3585 civitatis
703 3530 856 3585 datio
895 3549 930 3585 a
955 3530 1058 3585 ‘sex
1094 3531 1319 3585 milibus
1358 3531 1563 3585 civium
1600 3532 1835 3597 decreta,
1875 3532 1922 3585 si
1970 3531 2194 3599 quidem
2241 3534 2433 3585 eontra
2479 3532 2629 3601 leges
2675 3537 2875 3602 rogata

410 3623 555 3681 erat,
577 3619 743 3673 irrita
757 3623 843 3674 est
867 3620 1021 3674 facta
1062 3619 1151 3687 [cf.
1191 3620 1339 3674 Plnt.
1377 3620 1478 3675 vit.
1517 3621 1567 3674 X
1595 3623 1732 3675 orat.
1772 3639 1827 3690 p.
1867 3621 1972 3674 835
2010 3638 2116 3689 sq.;
2156 3621 2373 3676 Gilbert
2409 3621 2436 3674 Ι
2479 3621 2596 3687 176,
2638 3623 2693 3686 1;
2742 3621 2873 3676 Hof-

414 3727 612 3762 mann:
658 3708 755 3762 »de
790 3708 1012 3763 iurandi
1069 3708 1351 3763 formulis«
1400 3727 1453 3779 p.
1498 3709 1603 3777 11].
1679 3710 1739 3764 Si
1793 3710 1972 3779 igitur
2024 3709 2343 3779 psephisma
2396 3710 2671 3778 quoddam
2726 3711 2875 3780 leges

414 3798 672 3861 violaret,
710 3797 813 3852 illa
849 3797 1068 3852 actione
1105 3798 1387 3853 decretum
1424 3798 1789 3868 illegitimum
1839 3799 2125 3867 antiquari
2161 3799 2363 3869 potuit.
2437 3800 2590 3854 Ide’m
2625 3817 2755 3853 vero
2792 3800 2874 3852 in-

414 3887 683 3941 stitutum
722 3886 870 3941 male
908 3905 972 3941 ac
1007 3903 1260 3955 perverse
1298 3887 1548 3942 adhiberi
1584 3888 1830 3957 potuisse
1866 3905 1964 3957 per
2000 3905 2056 3942 se
2092 3888 2274 3958 ipsum
2312 3888 2676 3957 intellegitur.

603 3973 646 4041 ¹)
683 3975 835 4029 Num
883 3976 1095 4045 templa.
1144 3993 1362 4044 quoque
1410 3976 1468 4030 in
1536 3977 1816 4032 tributum
1878 3977 2378 4031 extraordinarium
2439 3977 2702 4046 pecunias
2748 3994 2870 4031 con·

414 4064 670 4129 tulerint,
717 4065 991 4120 incertum
1036 4067 1164 4130 eg.
1195 4073 1520 4135 προεισφορᾶς
1567 4065 1793 4133 quidem
1829 4083 2029 4120 munus
2065 4069 2285 4134 postera
2329 4069 2516 4121 aetate
2564 4067 2734 4120 etiam
2780 4084 2874 4135 pa·

373 4140 377 4145 ’
413 4171 618 4223 gotum
658 4171 814 4208 sacra
849 4148 1210 4224 praestabant
1248 4154 1336 4219 (cf.
1381 4154 1569 4210 Busolt
1607 4156 1637 4221 ξ
1676 4155 1781 4208 222
1817 4173 1873 4224 p.
1920 4154 2056 4222 196).

606 4241 655 4309 ²)
691 4243 842 4297 Haec
878 4243 1101 4311 quidem
1139 4244 1351 4298 Busolti
1392 4244 1672 4299 sententia
1708 4248 1795 4298 est
1830 4243 1896 4310 (1.
1936 4244 1970 4298 l.
2011 4244 2042 4310 ξ
2073 4245 2173 4298 214
2205 4261 2258 4312 p.
2291 4244 2439 4311 190);
2483 4245 2615 4298 item
2654 4245 2875 4298 Belochi

412 4332 512 4396 (N.
549 4332 657 4385 Rh.
695 4333 833 4386 Mus.
875 4332 1104 4386 XXXIX
1143 4333 1272 4396 245;
1311 4333 1378 4387 de
1413 4334 1520 4388 hac
1554 4349 1614 4387 re
1648 4351 1701 4387 v,
1740 4334 1909 4402 paulo
1944 4334 2127 4398 infra).
2213 4333 2440 4401 Quoquo
2490 4337 2677 4388 antem
2717 4334 2878 4388 modo

414 4437 503 4474 res
548 4437 609 4475 se
654 4422 838 4487 habet,
887 4422 1082 4489 utique
1128 4424 1505 4476 mutuationes
1551 4441 1585 4476 a
1641 4423 1889 4492 pecuniis
1946 4423 2113 4477 sacris
2161 4423 2312 4491 prius
2350 4440 2518 4490 quam
2567 4419 2798 4492 εἰσφοράς
2845 4441 2880 4476 a

417 4510 627 4578 populo
665 4509 911 4564 decretas
946 4527 1062 4564 esse
1100 4511 1308 4580 opinor.

609 4596 653 4665 ⁸)
691 4599 759 4653 cf.
800 4599 1001 4654 Beloch
1038 4599 1074 4654 l.
1115 4600 1150 4652 l.

608 4686 651 4753 ⁴)
691 4688 758 4742 cf.
796 4705 842 4742 e.
882 4706 925 4742 c.
966 4688 1116 4742 Dem.
1146 4688 1338 4742 -XXIV
1380 4691 1496 4744 161.
