3567 5392
1914 427 2001 491 30

729 618 932 686 fuisse
995 618 1362 705 ponendum
1437 626 1561 703 est,
1636 621 1745 704 qui
1806 620 1994 687 huius
2070 621 2283 689 oneris
2359 620 2756 707 suscipiendi
2831 620 3188 688 facultates

727 725 1118 807 haberent.¹)
1239 727 1691 794 Trierarchiae
1764 734 1980 793 autem
2044 749 2274 795 munus
2338 728 2868 813 locupletissimis
2932 734 3192 793 tantum

729 833 964 899 civium
1010 833 1383 918 impositum
1429 840 1544 917 est,
1600 855 1803 918 quare
1860 834 1920 901 ei
1974 835 2425 920 magistratus,
2482 854 2752 919 quorum
2816 841 2956 902 erat
3016 832 3193 899 illud

727 960 957 1007 munus
1020 939 1366 1025 impertire,
1439 947 1766 1025 potestate
1842 941 2105 1026 saepius
2179 943 2420 1008 abusos
2487 961 2633 1008 esse
2697 942 2808 1007 vix
2871 939 3189 1008 credibile

730 1055 846 1114 est.
902 1048 1115 1131 Atque
1146 1048 1341 1114 etiam
1369 1046 1716 1114 facultates
1746 1048 1983 1114 civium
2013 1050 2233 1133 quinto
2264 1048 2524 1133 quidem
2563 1049 2825 1116 saeculo
2865 1047 3188 1115 eiusmodi

730 1162 940 1239 erant,
987 1162 1058 1221 ut
1104 1155 1267 1221 satis
1314 1176 1621 1239 magnum
1665 1176 1996 1222 numerum
2035 1156 2269 1222 civium
2297 1156 2715 1242 locupletium
2743 1155 2946 1223 fuisse
2981 1162 3188 1222 statu-

727 1261 964 1328 endum
1012 1268 1114 1331 sit.
1130 1261 1179 1342 2)
1272 1262 1429 1327 Cum
1474 1270 1691 1329 autem
1737 1283 1844 1330 res
1889 1263 2245 1330 familiares
2291 1264 2525 1329 civium
2571 1263 2743 1330 bello
2779 1263 3188 1348 Peloponne-

734 1369 917 1435 siaco
980 1368 1175 1434 valde
1239 1369 1616 1436 imminutae
1682 1376 1928 1455 essent,
2004 1378 2075 1435 ut
2137 1371 2269 1436 bini
2337 1370 2672 1436 trierarchi
2738 1369 2926 1435 unius
2991 1369 3185 1435 navis

727 1476 1168 1541 trierarchiam
1207 1483 1635 1562 praestarent,
1674 1497 2052 1543 concessum
2100 1477 2286 1562 est-⁹³)
2355 1477 2651 1562 Denique
2699 1478 2778 1562 ei,
2826 1477 2935 1560 qui
2982 1476 3189 1542 alium

727 1582 944 1667 potius
992 1602 1185 1665 quam
1232 1603 1304 1650 se
1349 1584 1562 1668 ipsum
1606 1604 1837 1649 munus
1897 1585 2226 1670 suscipere
2279 1605 2474 1669 posse
2529 1590 2804 1670 putaret,
2852 1583 3189 1649 antidosin

727 1691 1059 1775 postulare
1103 1690 1302 1756 licuit.
1315 1691 1368 1771 4)
1427 1691 1547 1775 Ita,
1595 1691 1818 1775 quinto
1867 1690 2126 1775 quidem
2175 1692 2452 1775 saeculo,
2494 1689 2956 1775 quadringenis
3000 1689 3189 1755 trier-

729 1796 945 1862 archis
1020 1796 1243 1863 electis
1317 1797 1471 1881 quin
1555 1797 2008 1883 expeditiones
2083 1799 2354 1864 navales
2429 1799 2494 1862 in
2572 1805 2862 1882 tempore
2935 1796 3185 1881 fierent,

726 1904 906 1969 nulla
959 1923 1140 1970 mora
1194 1904 1332 1969 fuit.
1344 1903 1394 1990 ⁵)
1489 1904 1623 1969 Sed
1675 1912 1911 1990 postea
1966 1925 2137 1971 anno
2193 1904 2385 1991 357s6
2444 1926 2525 1970 ex
2578 1903 2917 1970 Periandri
2975 1904 3188 1969 cuius-

722 2010 879 2076 dam
922 2010 1071 2094 lege
1119 2011 1522 2095 symmoriae,
1570 2031 1739 2095 quae
1786 2011 1873 2077 ad
1902 2012 2205 2078 tributum
2236 2010 2819 2078 extraordinarium
2847 2010 3185 2099 (εἰσφοράν)

725 2116 1117 2202 exigendum
1161 2118 1495 2184 institutae
1542 2125 1743 2202 erant,
1791 2119 1857 2184 in
1904 2119 2322 2185 trierarchiae
2350 2119 2682 2203 liturgiam
2716 2116 3188 2204 praestandam

723 2225 1083 2292 translatae
1131 2224 1358 2307 sunt.⁶)
1449 2226 1661 2309 Atque
1708 2225 1775 2289 in
1813 2225 1915 2292 his
1945 2226 2309 2311 symmoriis
2339 2226 2598 2309 singula
2634 2225 2815 2291 milia
2851 2231 2916 2291 et
2945 2223 3183 2289 duceni

724 2333 904 2398 cives
978 2333 1242 2412 erant‚⁷)
1320 2354 1402 2399 ex
1486 2335 1715 2416 quibus
1798 2334 2039 2399 treceni
2121 2333 2614 2418 locupletissimi
2698 2333 3028 2418 impensas
3113 2332 3184 2396 in

723 2439 1072 2506 triarchiae
1115 2460 1343 2505 munus
1391 2440 1698 2506 fecerunt.
1771 2440 2024 2524 Viginti
2076 2447 2293 2505 autem
2332 2440 2747 2528 ἐπιμεληταίθ)
2779 2439 3183 2523 singularum

727 2545 1215 2631 symmoriarum
1317 2554 1608 2632 sumptus
1699 2549 1766 2613 in
1860 2548 2151 2632 singulos
2245 2549 2658 2633 symmoritas
2750 2543 3181 2612 distribuendi

722 2653 1001 2719 liberam
1059 2660 1453 2739 potestatem
1512 2654 1857 2720 habebant.
1958 2656 2149 2739 Tum,
2205 2662 2276 2720 ut
2329 2654 2469 2721 fieri
2527 2654 2708 2738 solet,
2765 2652 3176 2739 pauperrimo

726 2761 955 2845 cuique
1046 2761 1502 2844 gravissimum
1592 2783 1753 2828 onus
1834 2763 2310 2847 imponebatur,
2397 2763 2617 2846 itaque
2702 2759 3178 2827 Demosthenes

1100 2906 1143 2913 ..-

910 2975 947 3043 ¹)
986 2976 1051 3029 cf.
1093 2976 1623 3031 Buechsenschuetz:
1668 2977 1882 3031 »Besitz
1917 2995 1970 3030 u,
2009 2978 2262 3031 Erwerb«
2304 2995 2355 3045 p,
2395 2978 2516 3031 591,

906 3079 954 3149 ²)
993 3083 1351 3152 Temporibus
1409 3083 1679 3137 bellorum
1733 3083 2072 3138 Persicorum
2136 3102 2179 3137 c.
2236 3083 2523 3139 duodecim
2576 3084 2758 3147 milia,
2825 3082 2990 3137 initio
3042 3081 3179 3136 belli

722 3171 1172 3243 Peloponnesiaci
1209 3189 1254 3226 c.
1296 3171 1613 3240 quindecim
1650 3172 1826 3237 milia,
1873 3176 1996 3242 post
2043 3173 2420 3243 pestilentiam
2466 3174 2640 3237 illam,
2691 3189 2833 3241 quae
2878 3173 2939 3226 in
2976 3170 3177 3225 divites

721 3262 779 3314 et
808 3260 874 3313 'in
910 3278 1178 3330 pauperes
1214 3262 1427 3331 pariter
1461 3262 1776 3326 incesserat,
1824 3282 1868 3317 c.
1909 3263 2165 3317 undecim
2200 3264 2375 3326 milia,
2424 3266 2549 3332 post
2586 3263 2798 3317 cladem
2835 3261 3178 3316 Siciliensem

718 3368 763 3404 c.
801 3367 998 3404 novem
1034 3350 1208 3415 milia,
1246 3350 1411 3405 initio
1446 3351 1581 3405 belli
1610 3351 1886 3407 Corinthii
1923 3371 1967 3406 c.
2006 3355 2130 3407 octo
2166 3352 2326 3406 milia
2353 3370 2541 3406 eorum
2568 3352 2789 3417 civium,
2829 3351 2926 3419 qui
2954 3367 3179 3405 censum

718 3439 967 3493 militum
995 3439 1176 3508 gravis
1206 3442 1519 3494 armaturae
1548 3442 1600 3494 h.
1631 3457 1677 3494 e.
1707 3441 1918 3510 primae
1942 3445 1999 3496 et
2025 3442 2254 3496 alterius
2279 3445 2336 3495 et
2362 3442 2564 3495 tertiae
2593 3441 2780 3495 classis
2812 3439 2885 3507 [V.
2906 3439 3175 3494 Schenkl:

724 3528 982 3582 »Wiener
1007 3528 1194 3583 Stud.«
1229 3529 1283 3582 II
1305 3528 1430 3595 169]
1470 3530 1768 3594 habebant,
1809 3530 2043 3584 Athenis
2080 3530 2247 3584 fuisse
2276 3531 2476 3585 Beloch
2515 3529 2771 3599 probavit
2808 3529 2867 3582 in
2895 3528 3176 3599 praeclaro

718 3617 884 3671 libro:
929 3617 1061 3671 »Die
1097 3618 1353 3672 Bevoelk.
1395 3618 1445 3671 d.
1485 3636 1758 3687 gr.-roem.
1790 3619 1974 3674 Welt‹
2018 3620 2163 3688 Lips.
2195 3620 2334 3674 1886
2371 3638 2423 3688 p.
2456 3620 2549 3684 71;
2589 3620 2656 3674 cf.
2697 3617 2870 3673 etiam
2907 3617 3173 3672 Schenkl:

723 3706 981 3761 »Wiener
1015 3706 1203 3761 Studs
1255 3706 1308 3760 ΙΙ
1357 3708 1474 3760 169.
1527 3708 1645 3762 173.
1696 3708 1823 3774 174,
1875 3708 2029 3763 cuius
2079 3710 2294 3764 numeri
2339 3710 2409 3763 ab
2455 3709 2541 3774 iis,
2587 3725 2723 3776 quos
2760 3707 2962 3762 Beloch
2999 3705 3178 3771 affert,

718 3796 887 3864 paulo
926 3796 1255 3865 discrepant.

901 3902 946 3972 ⁸)
984 3903 1161 3969 Quam
1199 3903 1754 3971 „syntrierarchiam“
1802 3922 1946 3958 anno
1991 3904 2148 3971 405f4
2182 3906 2389 3959 iactam
2434 3922 2548 3959 esse
2585 3904 2808 3967 scimus;
2855 3904 2921 3957 cf.
2961 3903 3179 3957 Gilbert

717 3994 744 4046 1
780 4012 832 4063 p.
871 3994 992 4057 351,
1033 3993 1082 4049 2.
3175 3994 3180 3997 “

902 4101 944 4166 ⁴)
980 4118 1032 4156 v,
1073 4117 1238 4168 supra
1273 4118 1325 4169 p.
1367 4100 1451 4164 27,
1492 4100 1544 4153 8.

903 4206 945 4274 ⁵)
985 4208 1051 4261 cf.
1090 4208 1658 4262 Hauvette-Besnault
1695 4227 1748 4277 p.
1791 4209 1873 4262 72.

906 4314 950 4382 ⁶)
988 4315 1055 4369 cf.
1094 4315 1311 4369 Gilbert
1350 4316 1375 4367 I
1412 4316 1514 4369 351
1528 4333 1617 4383 sq3
1665 4316 2234 4370 Hauvette-Besnault
2270 4336 2323 4386 p.
2363 4316 2456 4382 70;
2504 4318 2697 4372 Busolt
2747 4317 2778 4383 ξ
2816 4317 2921 4371 223
2958 4333 3012 4385 p.
3052 4314 3175 4368 197.

909 4420 950 4489 ⁷)
990 4439 1220 4489 quorum
1261 4439 1304 4476 c.
1352 4422 1721 4492 quadringeni
1766 4423 2020 4493 octogeni
2065 4441 2291 4478 munere
2336 4424 2560 4480 liberati
2609 4428 2792 4490 erant3
2841 4425 2908 4480 cf.
2957 4424 3178 4480 Gilbert

721 4515 748 4568 I
785 4532 838 4583 p.
877 4512 983 4566 353
1021 4511 1145 4566 adn.
1187 4511 1235 4566 1.

907 4617 949 4687 ⁸)
985 4620 1073 4674 vel
1117 4617 1445 4691 »ἡγεμόνες«,
1487 4621 1682 4689 utique
1714 4621 2158 4690 locupletissimi;
2188 4621 2254 4675 cf.
2295 4621 2510 4676 Gilbert
2547 4622 2572 4675 Ι
2609 4640 2661 4691 p.
2701 4622 2831 4687 3523
2870 4622 3176 4678 Hauvette-

719 4710 987 4766 Besnault
1023 4728 1077 4779 p.
1118 4710 1201 4764 70.
