3567 5392
1908 438 2030 501 132

734 632 955 700 fuisse.
1066 631 1280 716 Atque
1344 652 1415 697 re
1478 651 1634 697 vera
1714 631 2179 716 psephismatis
2254 631 2565 714 legitimis
2640 631 2931 714 ratisque
3001 652 3197 717 prae-

733 740 1045 824 scriptum
1112 746 1211 805 est
1272 737 1424 804 hoc:
1484 738 1685 811 ἔδοξεν
1747 751 1820 825 τῇ
1887 741 2071 825 βουλῇ
2133 742 2241 803 καὶ
2305 749 2383 822 τῷ
2447 741 2618 826 δήμῳ
2682 758 2810 803 non
2867 758 3055 805 secus
3111 760 3197 805 ac

733 847 790 913 si
836 846 905 911 in
941 845 1069 911 fine
1105 845 1445 911 multorum
1486 845 1818 911 titulorum
1851 844 2158 929 legimus:
2199 843 2239 932 ἡ
2289 848 2471 931 βουλή
2600 843 2632 909 ὁ
2681 847 2890 932 δῆμος,
2928 847 3192 911 nomina

733 954 1100 1039 subscripta
1154 953 1527 1019 cancellarii
1584 959 1648 1018 et
1704 953 1932 1038 populi
1986 952 2212 1038 ipsius.
2325 950 2616 1028 Quocum
2674 960 3032 1035 congruunt
3093 972 3198 1036 ea,

735 1080 903 1144 quae
953 1060 1209 1127 senatui
1253 1060 1322 1124 in
1368 1059 1645 1126 comitiis
1696 1059 1778 1125 de
1823 1057 2695 1144 populiscitis·perficiendis
2755 1060 3026 1143 fuerunt,
3080 1079 3193 1124 ne-

732 1168 941 1252 gotia:
999 1167 1386 1232 convocavit
1450 1167 1814 1232 contionem
1868 1166 2122 1251 populi,
2180 1186 2304 1251 ree,
2363 1165 2448 1232 de
2504 1166 2734 1249 quibus
2791 1166 2858 1231 in
2911 1166 3197 1232 comitiis

731 1273 1222 1341 deliberandum
1287 1273 1423 1358 fuit,
1489 1273 1824 1339 constituit
1888 1293 2131 1356 easque
2193 1272 2435 1358 populo
2500 1279 2653 1338 ante
2720 1273 2984 1338 comitia
3047 1293 3188 1358 pro-

732 1387 1091 1465 grammate
1136 1380 1582 1465 promulgatas
1628 1380 1984 1465 proposuit.
1999 1381 2045 1461 1)
2107 1381 2459 1445 Praeterea
2506 1386 2725 1445 autem
2762 1379 2848 1444 ad
2880 1380 3188 1465 populum

734 1487 1086 1573 quidquam
1134 1487 1373 1554 deferri
1417 1488 1686 1553 vetitum
1735 1493 1893 1571 erat,
1940 1487 2068 1552 nisi
2116 1486 2291 1570 quod
2337 1494 2489 1551 ante
2538 1508 2578 1552 a
2628 1495 2857 1553 senatu
2903 1494 3186 1572 pertrac-

725 1602 936 1661 tatum
1001 1603 1066 1662 et
1126 1594 1677 1682 probuleumate2)
1734 1594 2117 1659 instructum
2176 1593 2431 1678 esset‚³)
2491 1614 2573 1659 ex
2638 1593 2959 1676 Solonis4)
3023 1594 3197 1678 lege,

731 1723 901 1787 quae
947 1703 1164 1769 iussit:
1218 1698 1343 1789 [τὴν
1389 1702 1632 1787 βουλὴν]
1688 1703 2126 1787 προβουλεὺειν.
2156 1753 2171 1768 .
2202 1753 2215 1768 .
2277 1711 2379 1766 τοῦ
2436 1704 2626 1789 δήμου
2682 1706 2788 1765 καὶ
2844 1703 3027 1788 μηδὲν
3082 1700 3196 1766 ἐᾶν

732 1810 1208 1896 ἆπροβοὺλεοτον
1257 1807 1342 1882 εἷς
1386 1808 1711 1895 ἐκκλησίαν
1761 1807 2165 1896 εἰσφέρεσθαι.
2180 1807 2237 1887 ⁵)
2328 1809 2578 1872 Tamen
2622 1814 2884 1892 praeter
2938 1814 3194 1873 ceteros

731 1917 945 1983 Miller
993 1916 1142 2001 [,,(16
1173 1915 1413 1982 decret.
1442 1913 1638 2004 Att.“]
1689 1922 1866 1981 recte
1914 1914 2381 1981 demonstravit
2425 1935 2553 1980 non
2592 1934 2845 1999 semper
2872 1933 3193 2001 „necesse

732 2025 937 2092 fuisse
984 2023 1258 2090 eundem
1305 2021 1422 2110 (sc.
1472 2021 1815 2109 senatum),
1862 2022 2018 2107 quid
2068 2022 2192 2089 sibi
2230 2021 2313 2087 de
2358 2021 2633 2106 singulis
2660 2022 2854 2087 rebus
2881 2021 3193 2106 placeret,

730 2133 972 2218 populo
1045 2152 1369 2217 exponere
1444 2138 1509 2196 et
1589 2130 1884 2214 suadere,
1948 2129 2103 2213 quid
2169 2128 2539 2195 faciendum
2606 2128 2859 2210 esset.⁶)
2975 2128 3192 2213 Saepe

732 2240 901 2305 enim
957 2244 1222 2305 senatus
1282 2239 1443 2305 satis
1498 2238 1763 2303 habuit“
1827 2275 1909 2284 —
1966 2257 2181 2321 neque
2249 2257 2328 2302 ea
2383 2236 2762 2321 posterioris
2819 2236 3059 2301 aetatis
3114 2236 3187 2300 li-

732 2346 949 2411 centia
1004 2346 1185 2428 fuit⁷)
1246 2382 1323 2391 -
1390 2366 1565 2424 „rem
1621 2345 1716 2409 ita
1772 2343 1861 2409 ad
1916 2345 2226 2430 populum
2287 2343 2623 2410 ferendam
2679 2343 3064 2428 decrevisse,
3118 2350 3197 2408 ut

732 2452 943 2536 quivis
993 2452 1154 2517 civis
1201 2451 1375 2534 quod
1422 2450 1746 2517 videretur
1792 2458 2094 2534 rogaret“
2105 2451 2186 2537 .⁸)

908 2559 1121 2641 Atque
1186 2578 1424 2644 operae
1479 2558 1755 2643 pretium
1815 2566 1915 2623 est
1967 2579 2136 2623 nunc
2192 2559 2323 2623 iam
2379 2558 2739 2643 anquirere,
2798 2559 3058 2642 qui-bus·
3088 2578 3184 2623 se·

728 2671 921 2732 natus
966 2665 1034 2730 in
1090 2664 1296 2739 ἆδείας
1354 2664 1618 2731 datione
1676 2665 2045 2731 muneribus
2103 2664 2359 2731 functus
2416 2666 2521 2734 sit.
2616 2667 2776 2731 Cum
2832 2673 3047 2731 autem
3103 2664 3190 2730 de

729 2771 854 2837 hac
882 2792 953 2837 re
980 2792 1022 2836 a
1053 2771 1473 2856 scriptoribus
1502 2771 1662 2836 nihil
1692 2772 1829 2838 fere
1874 2771 2182 2837 traditum
2231 2773 2333 2857 sit,
2379 2793 2628 2839 rursum
2677 2794 2758 2839 ex
2805 2772 3013 2846 ἀδείας
3041 2793 3187 2839 cum

730 2879 1114 2968 ὀστρακισμῳ
1161 2885 1226 2944 et
1270 2880 1539 2963 πολιτεία
1588 2877 2010 2945 similitudine
2055 2900 2179 2964 res,
2227 2901 2419 2964 quam
2476 2880 2949 2965 proposuimus,
3007 2880 3184 2945 colli-

730 2985 947 3070 genda
995 2993 1110 3052 est.
1218 2979 1232 2992 ’

917 3182 961 3250 1)
1002 3179 1325 3252 Πρόγραμμα
1361 3180 1571 3251 legitur
1607 3198 1652 3236 e.
1682 3199 1725 3236 0.
1755 3181 1816 3234 in
1851 3181 1994 3236 OJA.
2033 3182 2200 3247 1161;
2240 3183 2306 3236 cf.
2344 3183 2538 3237 Busolt
2575 3183 2606 3250 ἓ
2636 3184 2740 3237 182
2767 3201 2846 3251 sq.
2884 3202 2940 3253 p.
2977 3185 3074 3236 165
3103 3201 3189 3252 sq,

913 3288 956 3356 ²)
993 3290 1060 3345 cf.
1099 3291 1361 3359 Harpocr.
1400 3307 1440 3343 s.
1479 3308 1531 3344 v.
1572 3286 1950 3359 προβούλευμας
1989 3289 2148 3344 Phot.
2188 3308 2228 3343 s,
2271 3290 2326 3343 h.
2367 3308 2449 3354 v.;
2487 3290 2530 3345 I.
2567 3291 2807 3345 Bekker:
2846 3290 3050 3346 Anecd.
3090 3290 3182 3344 Gr.

728 3380 850 3445 289,
890 3380 958 3433 26
996 3397 1113 3447 sqq.

911 3484 955 3552 ⁸)
994 3486 1059 3540 cf.
1101 3486 1469 3540 Schoemann:
1513 3484 1612 3539 »de
1639 3502 1773 3538 com.
1806 3486 1971 3539 Ath.«
2004 3504 2056 3554 p.
2093 3486 2192 3539 158
2204 3506 2217 3549 3
2255 3485 2466 3540 Miller:
2501 3485 2599 3540 »de
2636 3486 2835 3541 decret.
2865 3487 3017 3540 Atta:
3047 3505 3100 3555 p.
3133 3490 3180 3541 7.

911 3591 954 3661 ⁴)
992 3593 1058 3647 cf.
1097 3593 1244 3646 Plut.
1282 3592 1389 3646 Sol.
1428 3592 1573 3645 XIX.
1630 3592 1783 3645 Num
1821 3595 2010 3646 autem
2047 3592 2138 3646 lex
2168 3592 2402 3647 Solonea
2435 3592 2621 3658 fuerit,
2657 3610 2833 3661 nuper
2854 3593 2921 3647 U.
2949 3594 3192 3648 Koehler

724 3684 786 3737 in
824 3682 1053 3737 dubium
1089 3680 1326 3745 vocavit3
1375 3680 1440 3735 cf.
1479 3681 1675 3734 Busolt
1712 3681 1743 3748 ξ
1781 3681 1880 3734 128
1917 3699 1970 3750 p.
2012 3682 2130 3735 117.

909 3788 953 3857 ⁶)
991 3789 1057 3844 cf.
1096 3790 1250 3843 Dem.
1286 3787 1469 3842 XXIV
1501 3789 1593 3852 113
1634 3787 1814 3842 Petit:
1859 3788 2061 3858 »Leges
2097 3788 2350 3843 Atticae«
2383 3789 2543 3854 1122
2571 3808 2624 3858 p.
2657 3791 2785 3855 1983
2815 3790 3185 3845 Schoemann:

714 3880 828 3950 ”de
866 3897 1001 3934 corn.
1040 3878 1214 3951 Atha‘
1247 3895 1299 3946 p.
1339 3878 1408 3931 95
1446 3894 1596 3945 sqq.;
1634 3877 1821 3932 Miller
1856 3878 1893 3930 1.
1931 3878 1967 3931 l.
2006 3895 2059 3946 p.
2100 3878 2211 3943 7‚1;
2249 3878 2445 3932 Busolt
2481 3878 2512 3944 ἓ
2556 3879 2655 3933 183
2692 3897 2745 3948 p.
2788 3881 2959 3945 165‚9.

909 3984 953 4054 ⁶)
990 3985 1056 4040 cf.
1105 3984 1349 4039 Grilbert:
1401 3984 1755 4040 »Staatsalt.«
1797 3985 1824 4038 Ι
1860 4003 1914 4053 p.
1953 3986 2128 4051 2762.
2216 3985 2357 4039 Loco
2405 3982 2840 4055 προβουλεύματος
2887 3986 3182 4055 conscripti

724 4078 980 4131 senatum
1016 4091 1101 4128 res
1137 4073 1444 4142 propositas
1483 4082 1662 4142 saepe
1683 4073 1755 4127 ad
1790 4075 2056 4142 populum
2094 4072 2388 4141 (oratione)
2417 4074 2678 4129 detulisse
2716 4075 2851 4130 dicit
2888 4076 3106 4130 Grilbert
3141 4076 3179 4129 l.

724 4165 761 4219 1.
791 4165 818 4218 Ι
846 4182 900 4232 p.
941 4164 1123 4229 275‚5;
1153 4162 1219 4217 cf.
1241 4163 1411 4217 etiam
1442 4179 1525 4225 ea,
1565 4178 1710 4230 quae
1747 4163 2000 4231 exposuit
2038 4163 2096 4216 L.
2135 4163 2412 4218 Schmidt:
2448 4164 2720 4219 »de-auct.
2749 4161 3185 4234 προβουλεύματος

724 4253 786 4306 in
821 4270 933 4321 rep.
971 4253 1137 4306 Ata«
1180 4251 1319 4319 (ind.
1358 4252 1485 4306 lect.
1523 4252 1698 4306 narb.
1740 4252 1966 4321 187617).

910 4356 951 4424 ⁷)
988 4360 1138 4413 Nam
1173 4360 1279 4414 hac
1314 4359 1597 4414 occasione
1633 4361 1858 4413 senatus
1896 4359 2231 4415 auctoritate
2268 4360 2491 4414 omnino
2529 4361 2787 4430 neglecta
2837 4377 2923 4415 res
2968 4361 3041 4415 ad
3085 4378 3156 4430 po

722 4449 920 4518 pulum
946 4448 1357 4514 deferebantur3
1398 4448 1466 4503 cf.
1506 4465 1551 4504 e.
1592 4466 1635 4503 0.
1676 4465 1891 4518 argum.
1930 4448 1984 4501 H
2023 4449 2095 4503 ad
2117 4450 2502 4504 Demosthenis
2532 4449 2935 4504 Androtianam
2961 4468 3014 4519 p.
3040 4450 3181 4514 592;

721 4556 773 4593 v.
813 4555 981 4607 supra
1015 4556 1069 4606 p.
1111 4538 1176 4592 77
1216 4554 1334 4605 sqq.

908 4642 951 4709 ⁸)
989 4645 1141 4700 Haec
1157 4645 1394 4699 formula
1411 4644 1890 4714 probuleumatica
1907 4647 2067 4713 patet
2095 4661 2161 4699 ex
2190 4646 2266 4700 Ο]
2269 4646 2332 4700 Α.
2363 4646 2417 4700 II
2450 4647 2577 4712 168;
2608 4646 2673 4701 cf.
2705 4645 2922 4701 Gilbert
2948 4646 2976 4700 Ι
2994 4645 3183 4710 276,2;

721 4735 916 4789 Busolt
953 4734 984 4800 ἓ
1029 4735 1130 4789 190
1165 4752 1219 4803 Ρ.
1258 4734 1430 4799 171,9.
