3567 5392
1593 403 1671 465 17

399 603 594 684 νόμων
659 597 743 661 ab
808 595 1254 680 Aristogitone
1327 595 1760 680 accusatus‚¹)
1834 595 1951 662 sed
2015 594 2522 662 Ps.-Plutarcho
2596 600 2861 661 auctore

399 703 739 769 absolutus
806 707 923 769 est.
935 702 984 782 2)
1077 701 1279 768 Vetiti
1315 701 1514 785 igitur
1551 709 1737 768 erant
1774 702 1952 769 cives
1987 701 2267 768 reditum
2306 702 2564 768 exulum
2601 721 2858 786 rogare.

399 809 622 877 Nihilo
671 817 889 876 tamen
934 808 1144 875 minus
1199 808 1349 875 illos
1403 829 1860 893 nonnunquam
1913 815 2256 875 revocatos
2312 828 2458 876 esse
2516 815 2793 877 constat.
2805 808 2859 891 ⁸)

398 916 503 982 Ex
549 936 676 1000 quo
733 916 918 999 sequi
970 915 1128 981 mihi
1181 914 1465 1001 videtur,
1521 922 1608 1002 ut,
1674 917 1785 1000 qui
1841 915 2128 1001 exulum,
2192 916 2333 982 sive
2396 914 2859 1002 singulorum4)

405 1024 546 1090 sive
612 1022 708 1109 (in
754 1020 1136 1109 amnestiis)
1202 1022 1646 1109 complurium,
1709 1023 2159 1089 revocationes
2224 1043 2460 1106 rogare
2513 1022 2740 1108 vellet,
2796 1022 2861 1089 ei

404 1129 578 1215 ἀδείᾳ
624 1149 789 1214 opus
825 1127 1103 1217 fuerit.⁵)
1139 1129 1224 1194 Et
1267 1128 1664 1215 Hyperidem
1702 1129 1966 1213 quidem
2003 1131 2083 1196 ob
2124 1130 2457 1196 civitatem
2492 1129 2858 1214 peregrinis

403 1235 691 1302 dandam
754 1242 821 1303 et
878 1235 1138 1302 exulum
1180 1235 1658 1303 revocationem
1712 1243 2013 1321 rogatam
2066 1244 2424 1324 παρανόμων
2481 1238 2860 1303 accusatum

404 1363 552 1410 esse
600 1364 799 1428 supra
846 1343 1500 1409 commemoravimus.
1571 1342 1706 1408 Alii
1742 1349 1975 1429 autem⁷
2006 1343 2115 1427 qui
2148 1343 2424 1410 eandem
2449 1344 2858 1428 illegitimam

399 1449 805 1534 rogationem
849 1450 1144 1535 tulerant,
1188 1470 1318 1515 non
1364 1449 1432 1515 in
1477 1449 1580 1517 ius
1626 1457 1778 1517 sunt
1821 1451 2060 1520 vocati.
2151 1451 2327 1535 Ergo
2374 1450 2556 1516 nulla
2602 1450 2735 1516 alia
2773 1473 2856 1519 ex

409 1577 608 1623 causa
655 1556 800 1624 fieri
844 1557 1070 1643 potuit,
1116 1562 1187 1622 ut
1231 1556 1602 1643 Hyperides
1649 1564 2085 1645 accusaretur,
2132 1577 2325 1641 qnam
2372 1557 2546 1641 qnod
2590 1564 2856 1642 rogator

400 1664 695 1747 legitima
740 1663 1066 1748 quaedam
1112 1666 1456 1730 observare
1495 1663 1733 1731 oblitus
1763 1671 1921 1750 erat,
1949 1665 2073 1747 vel,
2100 1671 2172 1729 ut
2199 1664 2350 1731 aliis
2377 1665 2594 1732 verbis
2623 1665 2856 1750 dicam,

398 1770 571 1855 quod
620 1776 835 1836 orator
880 1809 970 1817 —
1017 1791 1285 1837 causam
1338 1779 1558 1837 autem
1610 1772 1986 1856 ignoramus
2041 1808 2127 1821 -
2181 1772 2441 1839 veniam
2495 1773 2858 1856 rogationis

396 1876 707 1944 ferendae
754 1878 881 1945 sibi
926 1877 1212 1943 dandam
1258 1898 1386 1943 non
1432 1885 1792 1947 curaverat.
1806 1879 1856 1956 ε5)
1918 1878 2067 1963 Sed,
2113 1886 2185 1944 ut
2221 1879 2608 1945 Plutarchus
2638 1879 2856 1964 tradit,

400 1984 740 2052 absolutus
788 1991 906 2070 est,
955 1984 1258 2068 quoniam
1314 1986 1594 2070 populus
1646 1985 1991 2053 manifesto
2046 1984 2453 2069 rogationem
2498 1984 2854 2071 Hyperidis

406 2092 798 2176 approbavit
879 2097 945 2158 et
1015 2092 1372 2158 liberaliter
1442 2092 1894 2178 impunitatem
1964 2091 2147 2159 dedit
2220 2093 2440 2177 legum
2511 2092 2855 2159 laesarum.

580 2304 623 2372 ¹)
661 2304 730 2359 cf.
764 2303 968 2373 [Dem.]
997 2304 1180 2358 XXVI
1215 2305 1301 2360 11.
1332 2333 1399 2343 —-
1425 2305 1678 2360 Fortasse
1704 2305 1837 2360 huic
1861 2306 1943 2360 rei
1970 2305 2147 2361 etiam
2173 2302 2369 2367 ἔνδειξις
2397 2306 2682 2376 proposita
2709 2309 2858 2372 erat;

402 2412 448 2446 v.
491 2393 558 2447 de
595 2394 701 2447 hac
736 2410 795 2447 re
830 2394 1185 2463 Mnemosyne
1219 2412 1275 2446 n.
1314 2411 1353 2447 s.
1391 2394 1495 2448 XV
1531 2412 1583 2463 p.
1625 2396 1672 2447 5.

577 2498 621 2568 ²)
659 2500 724 2554 cf.
763 2500 958 2554 Meier:
1012 2500 1109 2554 »de
1146 2501 1269 2554 bon.
1308 2500 1525 2554 damna
1577 2519 1629 2570 p.
1669 2501 1740 2555 50
1783 2503 1899 2554 not.
1942 2501 2069 2555 157:
2122 2500 2432 2555 »Habemus
2477 2501 2857 2571 fragmentum

395 2588 725 2643 defensionis
760 2589 1056 2658 Hyperidis
1104 2607 1191 2658 ap.
1230 2589 1407 2643 Rutil.
1446 2589 1581 2658 Lup.
1619 2607 1674 2658 p.
1713 2590 1781 2643 63
1823 2589 1879 2655 (a
1915 2589 2249 2645 Ruhnkenio
2286 2591 2566 2660 praeclare
2603 2591 2856 2646 emenda.-

396 2677 566 2746 tum):
616 2677 777 2742 ‘Quid
813 2696 847 2732 a
882 2695 974 2732 me
1010 2679 1228 2747 saepius
1264 2678 1353 2731 his
1397 2678 1577 2732 verbis
1622 2678 1689 2732 de
1736 2695 1858 2733 meo
1904 2678 2084 2734 officio
2127 2679 2452 2747 requiritis?
2527 2679 2858 2750 »Scripsisti,

396 2771 463 2821 ut
525 2767 696 2821 servis
770 2767 998 2822 libertas
1061 2767 1223 2822 detur
1231 2767 1289 2821 ‘?«
1407 2766 1637 2836 Scripsi,
1709 2784 1783 2822 ne
1843 2767 2006 2822 liberi
2068 2768 2394 2823 servitutem
2462 2769 2855 2838 experirentur.

405 2857 732 2926 »Scripsisti‚
779 2860 845 2912 ut
891 2858 1078 2912 exules
1121 2857 1613 2912 restituerentur?«
1691 2856 1911 2926 Scripsi,
1958 2861 2024 2912 ut
2058 2874 2129 2912 ne
2166 2858 2291 2925 quis
2328 2857 2494 2912 exilio
2532 2857 2857 2913 afficeretur.

399 2947 602 3016 >Leges
629 2945 825 3016 igitur,
847 2963 990 3014 quae
1015 2946 1385 3015 prohibebant
1408 2947 1559 3011 haec,
1578 2963 1761 3001 nonne
1778 2946 2031 3016 legebas?
2044 2967 2070 2994 α
2112 2947 2239 3000 Non
2260 2949 2535 3015 poteram,
2565 2949 2860 3016 propterea.

396 3037 543 3103 quod
579 3035 786 3090 litteris
823 3053 1013 3090 earum
1050 3053 1207 3090 arma
1242 3036 1604 3090 Macedonum
1640 3035 1896 3105 opposita.
1932 3035 2281 3090 officiebant)

582 3140 624 3211 ⁸)
663 3143 731 3198 cf.
772 3161 816 3198 e.
856 3161 900 3197 c.
939 3144 1063 3213 Lys.
1102 3143 1257 3199 XXV
1295 3144 1378 3196 27.

582 3249 625 3317 ⁴)
665 3250 744 3304 cf.
784 3250 1026 3321 Lipsius:
1071 3251 1221 3304 >Att.
1260 3247 1475 3304 Proc.²«
1516 3268 1572 3320 p.
1622 3251 1725 3305 993
1773 3254 1891 3305 not.
1941 3252 2064 3305 640.
2121 3278 2185 3287 -
2245 3248 2502 3304 Ceterum
2557 3268 2693 3303 num
2746 3250 2856 3303 sin·

396 3340 655 3409 gulorum
710 3340 1087 3395 revocationes
1141 3340 1455 3404 acciderint,
1509 3357 1609 3409 pro
1666 3343 1816 3395 certo
1866 3340 1976 3395 dici
2028 3356 2140 3393 non
2194 3342 2396 3408 potest.
2488 3339 2636 3393 Nam
2684 3339 2857 3394 etiarn

399 3428 702 3483 Alcibiadis
739 3428 1031 3494 revocatiO,
1083 3446 1227 3497 quae
1264 3429 1696 3484 commutatione
1733 3430 1814 3484 rei
1845 3429 2100 3499 publicae
2135 3428 2288 3483 facta
2325 3447 2360 3482 a.
2397 3428 2600 3498 populo
2638 3428 2862 3484 decreta.

399 3521 498 3584 est,
537 3518 813 3572 amnestia
850 3518 1120 3586 quaedam
1159 3518 1380 3573 videtur
1415 3518 1607 3584 fuisse;
1646 3519 1713 3573 cf.
1754 3519 1926 3573 Thuc.
1957 3518 2088 3572 VIII
2126 3519 2211 3572 97.

582 3623 631 3694 ⁶)
680 3627 763 3680 De
808 3626 1157 3681 revocatione
1194 3626 1449 3681 sollemni
1503 3627 1838 3695 populiscito
1882 3626 2103 3681 decreta
2159 3624 2225 3680 cf.
2276 3625 2450 3679 Thuc.
2487 3625 2622 3679 VIII
2669 3625 2753 3691 97,
2802 3626 2854 3681 3.

401 3716 487 3780 81,
528 3718 586 3780 1;
625 3715 772 3770 Plut.
812 3715 987 3770 Alcib.
1026 3716 1286 3781 XXXIII3
1327 3715 1484 3770 Diod.
1522 3716 1656 3769 XIII
1696 3716 1794 3781 693
1832 3714 2073 3785 Lipsius:
2109 3715 2261 3769 ›Att.
2291 3712 2506 3769 Proc.²«
2549 3733 2601 3784 p.
2634 3714 2756 3769 992.
2788 3742 2853 3752 —

406 3805 659 3859 Ceterum
699 3808 884 3861 exules
898 3849 910 3872 ‚
948 3805 1046 3874 qui
1074 3807 1190 3876 ipsi
1224 3807 1445 3861 veniam
1483 3825 1518 3862 a
1555 3807 1757 3876 populo
1804 3806 2037 3876 petituri
2074 3807 2325 3860 Athenas
2362 3805 2540 3861 redire
2574 3805 2855 3870 volebant,

397 3910 496 3963 per
532 3894 750 3948 litteras
786 3896 1109 3969 plerumque
1144 3896 1412 3965 populum
1446 3896 1720 3965 rogabant
1733 3937 1745 3961 ‚
1783 3898 1850 3950 ut
1885 3895 2017 3950 fides
2035 3895 2260 3965 publica
2280 3891 2471 3963 (ἄδεια)
2498 3893 2605 3948 sibi
2632 3894 2858 3949 daretur

404 3981 496 4049 [de
522 3982 627 4036 hac
650 4000 709 4036 re
736 4000 788 4036 v.
817 3983 963 4038 infra
989 4002 1030 4039 s.
1057 3984 1103 4037 B
1121 3982 1240 4052 2a]‚
1270 3987 1563 4054 propterea
1589 3985 1736 4053 quod
1764 3984 1914 4039 exuli
1941 3983 2465 4053 periculosissimum
2491 3984 2610 4038 erat
2636 3982 2725 4037 vel
2754 3983 2857 4036 sub

396 4072 581 4126 tutela
626 4071 850 4126 deorum
895 4091 930 4127 a
975 4074 1179 4143 populo
1221 4073 1444 4127 veniam
1479 4075 1682 4142 petere.
1755 4073 1908 4128 Haec
1943 4073 2091 4127 enim
2128 4073 2312 4128 tutela
2357 4090 2474 4127 non
2518 4089 2732 4141 semper
2775 4088 2857 4126 se·

396 4160 699 4215 caritatem
734 4162 1015 4230 praebuit3
1053 4163 1121 4217 cf.
1151 4180 1196 4218 e.
1227 4181 1271 4217 c.
1308 4162 1435 4232 Lyc.
1475 4162 1597 4217 adv.
1636 4162 1816 4217 Leocr.
1857 4163 1889 4228 ἓ
1919 4162 2038 4228 129,
2078 4162 2175 4230 qui
2213 4162 2551 4216 Pausaniam
2578 4178 2767 4231 regern
2793 4161 2857 4215 in

398 4249 609 4319 templo
633 4250 919 4306 Minervae
954 4251 1101 4306 fame
1137 4255 1392 4307 enectum
1428 4268 1542 4306 esse
1578 4251 1755 4306 tradit
1792 4251 1880 4305 his
1906 4251 2111 4306 verbis:
2149 4251 2235 4302 καὶ
2272 4258 2417 4302 πᾶσιν
2447 4248 2689 4321 ἐπίσημον
2719 4247 2857 4301 ἑποί-

395 4354 533 4408 ησαν
579 4337 676 4406 (sc.
725 4336 771 4389 οἱ
818 4336 1226 4409 Λακεδαιμόνιοι)
1269 4339 1365 4411 τὴν
1409 4338 1663 4409 τιμωρίαν,
1710 4337 1783 4391 ὅτι
1829 4336 1934 4391 οόδ’
1971 4336 2027 4390 αἱ
2070 4341 2209 4410 παρὰ
2253 4345 2351 4391 τῶν
2400 4338 2538 4390 θεῶν
2587 4336 2858 4408 ἐπικουρίαι

395 4431 500 4488 τοῖς
537 4425 798 4497 προδόταις
836 4426 1132 4499 βοηθοῦσιν.

581 4515 626 4584 ⁸)
671 4518 911 4572 Valeton
960 4519 996 4573 1.
1037 4519 1072 4574 l.
1112 4537 1167 4589 p.
1208 4521 1237 4572 5
1286 4517 1374 4587 (cf.
1411 4518 1546 4574 ibid.
1592 4519 1716 4573 adn.
1760 4518 1815 4586 1)
1858 4517 2220 4587 Hyperidem,
2269 4536 2393 4573 cum
2440 4515 2612 4569 ἄδειαν
2656 4519 2856 4572 uacum

397 4608 555 4671 esset,
602 4609 794 4661 tamen
830 4605 1132 4678 παρανόμων
1169 4611 1485 4664 accusatum
1522 4625 1636 4663 esse
1673 4609 1974 4663 contendit.
2050 4609 2156 4663 Sed
2202 4607 2291 4661 illi
2338 4604 2509 4658 ἄδειαν
2545 4623 2857 4662 concessam

400 4709 516 4748 esse
550 4712 769 4763 prorsus
806 4697 1094 4751 nescimus.
