3567 5392
1601 391 1725 455 143

434 594 633 651 antea
694 586 1173 670 promulgatum
1237 592 1365 668 est,
1438 590 1703 651 senatus
1767 583 2175 668 rogationem
2253 584 2742 669 probuleumate
2806 582 2898 648 in-

439 699 749 759 structam
795 692 1040 778 populo
1087 692 1393 778 proponit
1440 698 1504 757 et
1549 697 1831 775 rogator,
1864 692 2003 757 sive
2053 689 2305 755 debitor
2349 690 2493 775 ipse
2541 690 2679 755 sive
2727 689 2896 754 alius

438 800 602 884 quis,
649 799 868 865 causis
919 799 1237 884 expositis
1283 798 1728 864 remissionem
1776 818 1819 862 a
1864 797 2104 882 populo
2133 797 2314 882 petit,
2353 797 2460 880 qui
2493 797 2898 880 rogationem

438 913 552 972 aut
598 907 830 992 probat
876 913 989 972 aut
1037 907 1351 990 antiquat.
1411 904 1622 982 Quam
1667 925 1804 971 rem
1831 905 2310 971 Demosthenes
2363 905 2601 989 [XXIV
2636 906 2745 990 47]
2794 905 2897 972 his

437 1014 651 1080 verbis
699 1012 1077 1099 descripsit:
1125 1018 1231 1079 καὶ
1277 1011 1309 1078 ὁ
1361 1019 1466 1100 μὲν
1513 1019 1719 1097 νόμος,
1768 1010 1890 1078 οὐδ’
1947 1011 2181 1078 ἐπειδὰν
2235 1017 2341 1098 τὴν
2398 1011 2599 1078 ἄδειαν
2653 1010 2898 1100 εὕρηταί

434 1144 541 1198 τις,
589 1123 811 1188 ἔδωκεν
868 1121 953 1195 ὡς
1007 1120 1077 1188 ἂν
1135 1124 1427 1207 βούληται
1488 1126 1782 1206 πράττειν,
1842 1119 1974 1184 ἀλλ’
2027 1119 2113 1192 ὡς
2166 1118 2241 1186 ἂν
2296 1131 2370 1205 τῇ
2428 1122 2612 1205 βουλῇ
2668 1124 2774 1185 καὶ
2819 1133 2901 1206 τῷ

442 1231 612 1316 δήμῳ
668 1230 842 1315 δοκῇ·
893 1237 974 1303 ,οι
1038 1228 1308 1295 ibidem:
1371 1281 1386 1296 .
1415 1280 1431 1296 .
1460 1228 1657 1295 ,ἀλλὰ
1718 1233 1825 1294 καὶ
1889 1233 2127 1313 προσέτι
2192 1224 2300 1293 οὒκ
2361 1224 2445 1300 εἷς
2505 1232 2612 1313 τὴν
2661 1230 2897 1315 βουλήν,

443 1332 551 1401 οὒκ
599 1333 685 1407 εἷς
730 1340 831 1402 τὸν
871 1337 1060 1424 δῆμον
1096 1334 1273 1400 εἰπὼν
1310 1341 1444 1421 περὶ
1471 1338 1693 1400 τοὺτων
1722 1331 1920 1402 οὐδὲν.
1950 1387 1963 1400 .
1993 1386 2009 1402 .
2039 1387 2052 1399 .
2082 1335 2125 1410 ¹)
2187 1334 2370 1398 Haec
2397 1333 2595 1417 igitur
2625 1334 2899 1400 oratoris

440 1443 641 1507 verba
706 1443 998 1508 ultimam
1062 1442 1231 1526 legis
1299 1464 1340 1507 a
1400 1442 1838 1508 Demosthene
1899 1442 2139 1525 [XXIV
2195 1441 2304 1525 45]
2360 1449 2901 1507 commemoratae

439 1549 925 1634 paragraphum
951 1550 1353 1634 confirmant,
1403 1550 1514 1615 ubi
1550 1550 1851 1633 leguntur
1897 1547 2087 1613 haec:
2134 1555 2270 1614 τότε
2325 1555 2436 1627 (sc.
2482 1555 2901 1636 ψηφισαμένων

440 1652 795 1743 Ἀθηναίων
841 1661 944 1744 τὴν
992 1657 1195 1722 ἄδειαν
1240 1655 1504 1742 πρῶτον)
1554 1653 1605 1721 δ’
1653 1657 1862 1728 ἐξεῖναι
1907 1657 2291 1743 χρηματίζειν
2336 1652 2486 1721 καθ’
2536 1654 2568 1721 ὅ
2616 1680 2667 1721 τι
2712 1655 2784 1721 ἂν
2827 1669 2900 1743 τῇ

443 1766 625 1850 βουλῇ
657 1768 872 1849 καὶτῷ
903 1767 1073 1851 δήμῳ
1104 1766 1275 1851 δοκῇ.
1333 1764 1631 1845 Denique
1661 1763 1859 1828 etiam
1889 1763 2024 1828 alia
2044 1761 2502 1827 Demosthenis
2535 1763 2773 1846 [XXIV
2792 1763 2901 1847 48]

442 1870 641 1935 verba
671 1870 793 1936 huc
821 1871 1173 1956 pertinent:
1208 1870 1267 1935 εἴ
1297 1894 1355 1936 τι
1392 1871 1617 1937 δίκαιον
1654 1871 1904 1954 ἐβοὺλοο
1941 1875 2241 1955 πράττειν,
2288 1877 2524 1955 πρῶτον
2573 1875 2674 1957 μὲν
2721 1877 2903 1956 πρόσ-

443 1978 582 2043 οδον
622 1963 971 2064 γράψασθαι
1010 1982 1159 2063 πρὸς
1196 1982 1299 2065 τὴν
1350 1980 1587 2064 βουλήν,
1633 1976 1760 2043 εἶτα
1805 1990 1890 2062 τῷ
1939 1979 2111 2064 δήμῳ
2159 1979 2580 2064 διαλεχθῆναι,
2627 1982 2733 2043 καὶ
2772 1977 2906 2043 τόθ’

442 2079 653 2162 οὕτως,
703 2081 756 2148 εἰ
799 2097 977 2150 πᾶσιν
1022 2084 1378 2172 Ἀθηναίοις
1427 2084 1642 2160 ἐδόκει,
1691 2089 1937 2173 γράφειν
1985 2088 2092 2149 καὶ
2134 2088 2482 2170 νομοθετεῖν
2507 2089 2637 2169 περὶ
2664 2089 2900 2152 τοὺτων.

444 2190 661 2256 Verba
690 2198 935 2256 autem:
963 2204 1197 2276 πρῶτον
1227 2197 1328 2278 μὲν
1355 2193 1650 2283 πρόσοδον
1671 2242 1914 2259 ......
1931 2193 2332 2278 διαλεχθῆναι
2360 2190 2448 2254 ad
2477 2211 2557 2256 ea
2576 2191 2905 2257 ordinaria

451 2297 734 2383 comitia,
783 2318 950 2382 quae
996 2298 1257 2363 veniam
1287 2298 1511 2363 datam
1542 2304 1912 2383 sequantur,
1943 2296 2284 2363 referenda
2315 2318 2462 2363 esse
2489 2298 2689 2364 verba
2725 2305 2903 2365 ante-

447 2403 775 2471 cedentia:
824 2410 931 2471 καὶ
977 2402 1115 2471 τόθ’
1165 2402 1371 2490 οὕτως,
1420 2403 1473 2470 εἰ
1517 2417 1692 2471 πᾶσιν
1740 2401 2106 2492 Ἀθηναίοις
2153 2404 2365 2488 ἐδόκει,
2378 2404 2425 2482 2)
2476 2403 2787 2487 ᾶοοοηῒ.,3)

624 2596 785 2682 Cap.
832 2599 954 2665 lv.
1045 2602 1156 2667 De
1201 2600 1399 2685 loco,
1456 2620 1599 2684 quo
1648 2601 1964 2666 comitia
2014 2601 2225 2686 ἀδείᾳ
2281 2600 2583 2667 dandae
2637 2601 2905 2668 habita

449 2708 704 2788 sunt.4)

626 2813 828 2879 Tituli
874 2812 1097 2898 Attici,
1145 2774 1414 2898 quorum
1459 2835 1628 2880 nunc
1686 2834 1929 2898 magna
1991 2814 2181 2900 copia
2236 2820 2432 2900 extat,
2498 2835 2640 2881 cum
2703 2817 2906 2883 multa

449 2926 515 2986 et
559 2941 729 2986 nova
774 2941 895 2987 nos
946 2920 1181 2986 docent
1227 2927 1361 2986 tum
1408 2942 1488 2988 ea
1534 2921 1700 3006 loca,
1748 2921 1982 3005 quibus
2028 2921 2255 3007 populi
2301 2922 2516 2986 contio
2565 2921 2647 2988 de
2696 2923 2906 2990 salute

633 3080 673 3149 ¹)
712 3081 793 3136 Of.
832 3081 1004 3136 etiam
1043 3081 1274 3136 initium
1311 3081 1468 3151 legiS,
1509 3098 1653 3149 quae
1688 3083 1847 3136 extat
1884 3081 2034 3150 apud
2071 3082 2496 3136 Demosthenem
2532 3082 2714 3137 XXIV
2734 3083 2818 3137 50.

631 3169 679 3239 ²)
717 3171 783 3225 cf.
849 3171 1078 3225 initium
1122 3170 1514 3239 psephismatis
1563 3170 1894 3225 Patroclidis
1950 3171 2019 3225 ab
2076 3170 2357 3226 Andocide
2412 3171 2478 3225 de
2534 3174 2699 3240 myst.
2757 3173 2788 3239 ξ
2840 3175 2906 3228 77

447 3261 876 3314 commemorati.

630 3347 675 3417 ⁸)
711 3349 877 3414 Haec,
915 3351 980 3403 ut
1016 3349 1405 3415 demonstravi,
1444 3348 1712 3414 beneficii,
1759 3349 1833 3402 ad
1879 3348 2030 3417 quod
2075 3349 2433 3418 irrogandum
2478 3346 2621 3417 ἀδείᾳ
2663 3351 2910 3420 rogatori

449 3455 584 3506 opus
622 3440 766 3503 erat,
814 3456 887 3507 ps
904 3438 1293 3507 ephismate
1336 3437 1622 3493 tribuendi
1666 3438 1813 3493 ratio
1867 3438 1995 3493 fuit.
2070 3438 2225 3504 Quod
2279 3442 2469 3493 tamen
2517 3439 2588 3493 ad
2642 3439 2911 3494 eiusmodi

445 3527 773 3581 beneficium
835 3528 990 3596 lege
1051 3527 1251 3596 priva
1303 3527 1736 3596 impertiendum
1793 3527 2016 3592 attinet,
2075 3527 2336 3596 quoniam
2392 3526 2454 3581 in
2510 3528 2634 3598 lege
2688 3529 2912 3584 ferenda

447 3619 673 3670 senatus
700 3617 1045 3685 populusque
1081 3619 1139 3670 et
1183 3617 1542 3671 nomothetae
1586 3617 1643 3669 h.
1693 3633 1739 3671 e.
1786 3616 2059 3671 iudicium
2107 3617 2462 3671 heliasticum
2509 3616 2592 3685 [cf.
2641 3618 2909 3674 Frankel:

454 3705 589 3759 »Die
626 3707 730 3759 att.
769 3705 1349 3775 Geschworenenger.‹
1390 3724 1445 3774 p.
1485 3707 1554 3760 23
1592 3705 1731 3774 sqq.]
1770 3723 1886 3760 una
1922 3707 2168 3775 agebant
2208 3704 2298 3773 [de
2334 3706 2682 3761 nomothesia
2719 3707 2912 3762 Attica

449 3794 514 3849 R.
554 3794 793 3849 Schoell:
834 3795 1110 3850 sita-Ber.
1152 3795 1203 3849 d.
1251 3795 1306 3848 k.
1355 3796 1517 3864 Bayr.
1567 3795 1737 3851 Acad.
1786 3796 1837 3848 d.
1879 3795 2043 3849 Wiss.
2086 3795 2226 3850 1886
2261 3813 2314 3865 p.
2354 3797 2423 3850 83
2460 3814 2579 3864 sqq.
2629 3796 2909 3864 praeclare

450 3882 594 3952 egit;
633 3884 699 3938 cf.
737 3884 1013 3953 imprimis
1052 3902 1105 3954 p.
1150 3884 1248 3937 127
1286 3882 1453 3952 sqq.],
1500 3887 1722 3952 praeter
1757 3884 2019 3938 ultimam
2058 3885 2118 3938 in
2155 3887 2351 3940 senatu
2389 3884 2740 3953 comitiisque
2777 3885 2911 3939 acti·

451 3989 612 4027 onem
649 3990 684 4027 a
719 3973 1057 4027 nomothetis
1095 3972 1161 4028 de
1197 3974 1301 4027 hoc
1336 3972 1630 4042 privilegio
1678 3972 2022 4027 concedendo
2069 3973 2485 4038 deliberaretur,
2530 3990 2746 4032 necesse
2792 3977 2914 4029 erat

454 4059 544 4128 [cf.
601 4061 968 4117 Schoemann:
1033 4062 1131 4116 »de
1187 4080 1323 4117 com.
1378 4062 1542 4117 Atha<
1601 4080 1656 4131 p.
1711 4062 1818 4116 273
1857 4060 2021 4130 sqq.].
2097 4063 2268 4117 Velut
2321 4062 2752 4128 immunitatem,
2800 4081 2914 4132 qua

451 4150 577 4218 quis
629 4151 918 4218 frueretur,
967 4154 1067 4206 aut
1113 4153 1271 4222 lege
1320 4155 1421 4206 aut
1466 4151 1889 4221 populiscito
1946 4152 2307 4207 constitutam
2358 4168 2473 4206 esse
2520 4152 2914 4208 Demosthenes

451 4239 676 4295 XX131
726 4240 972 4296 affirmat
1030 4240 1113 4309 [cf.
1166 4239 1379 4295 ›wie-m.
1431 4241 1619 4296 Stud.«
1671 4241 1777 4295 VH
1798 4242 1893 4306 643
1950 4241 2016 4295 cf.
2071 4241 2247 4296 etiam
2293 4240 2436 4296 CJA.
2483 4240 2743 4310 11115b].
2837 4242 2915 4297 At

450 4344 579 4383 vero
633 4329 695 4383 in
748 4330 852 4384 hoc
898 4330 1193 4400 privilegio
1239 4330 1307 4385 de
1353 4327 1498 4398 ἀδείᾳ
1545 4331 1731 4384 danda
1776 4330 2014 4400 cogitari
2060 4347 2173 4385 non
2217 4347 2377 4399 posse
2421 4349 2588 4400 supra
2623 4350 2676 4400 p.
2716 4332 2784 4386 84
2823 4331 2912 4386 de-

452 4421 758 4474 monstrare
807 4419 1012 4473 studui.
1088 4418 1327 4473 Omnino
1364 4419 1606 4475 Valeton
1656 4418 1941 4486 [Mnemos.
1989 4437 2044 4473 n.
2091 4437 2132 4474 s.
2171 4420 2275 4474 XV
2311 4438 2364 4489 p.
2406 4420 2452 4475 7.
2498 4421 2563 4475 15
2600 4418 2742 4488 sqq.]
2791 4420 2913 4487 qui-

453 4506 577 4560 dem
613 4508 1001 4578 privilegia
1035 4508 1097 4562 in
1133 4508 1252 4562 iure
1293 4508 1482 4563 Attico
1519 4509 1687 4564 fuisse
1723 4511 1921 4577 negat;
1951 4527 2002 4563 v.
2037 4526 2203 4578 supra
2229 4526 2347 4578 cap.
2376 4509 2403 4563 I
2430 4509 2595 4564 initio
2615 4514 2694 4578 (p.
2718 4506 2914 4577 113,1).

635 4596 680 4667 ⁴)
717 4600 815 4667 Ea,
857 4600 924 4654 de
961 4599 1161 4667 quibus
1198 4599 1301 4654 hoc
1337 4600 1456 4654 loco
1493 4616 1668 4654 sermo
1704 4599 1784 4665 fit,
1825 4600 1897 4654 ad
1924 4601 2101 4654 solam
2128 4599 2362 4669 rogandi
2389 4600 2612 4655 veniam
2638 4599 2915 4669 pertinere

452 4684 727 4743 videntur.

2306 4808 2328 4843 ἱ
