3567 5392
1941 412 2028 478 34

755 602 959 670 fuisse
1026 604 1317 672 arbitror.
1411 603 1489 669 Id
1553 604 1724 671 enim
1776 606 1908 671 iam
1967 627 2046 672 ex
2095 627 2173 672 eo
2230 605 2661 691 colligendum
2709 605 2982 688 videtur,
3039 605 3214 690 quod

754 710 1076 778 Isocrates
1105 712 1165 796 [l.
1196 711 1262 796 l.]
1308 712 1777 779 restitutionem
1824 713 2134 779 bonorum
2182 713 2440 779 exulum
2478 712 2722 805 diserte
2761 719 3215 779 commemorat

755 824 820 884 et
860 818 990 883 alio
1033 838 1286 903 quoque
1323 818 1528 900 loco¹)
1577 820 2056 887 revocationem
2106 820 2360 886 exulum
2411 827 2476 886 et
2520 820 2969 887 restitutionen
3016 822 3210 887 bono-

753 947 889 991 rum
938 933 1009 992 ut
1056 926 1352 993 diversas
1397 947 1503 994 res
1551 926 1902 1012 coniungit.
1996 928 2209 1012 Atque
2274 949 2343 995 re
2407 949 2564 994 vera
2627 927 3076 1013 Athenienses,
3137 934 3211 993 ut

751 1033 1170 1119 publicandis
1232 1034 1420 1100 bonis
1486 1034 1808 1100 aerarium
1872 1035 2099 1119 augeri
2176 1035 2539 1120 cupiebant,
2552 1035 2603 1119 ²)
2685 1035 2777 1101 ita
2851 1035 3211 1119 aegerrime

757 1140 1093 1226 publicata
1157 1142 1327 1207 bona
1390 1140 1768 1208 reddebant.
1878 1143 2021 1207 Huc
2086 1142 2356 1227 accedit,
2422 1142 2596 1226 quod
2660 1141 2964 1208 damnum
3008 1143 3208 1208 multo

753 1249 962 1315 maius
1029 1268 1177 1314 esse
1225 1250 1583 1333 oportebat,
1649 1269 1841 1332 quam
1898 1250 2302 1315 commodum
2357 1249 2586 1317 fuerat.
2674 1250 2844 1317 Nam
2889 1249 3210 1315 aerarium

755 1375 1011 1420 sacrum
1083 1356 1358 1421 fructum
1432 1376 1513 1421 ex
1585 1355 1688 1422 his
1763 1356 2310 1441 publicationibus
2376 1356 2697 1442 capiebat,
2771 1355 2946 1440 quod
3020 1377 3209 1422 suam

752 1463 1060 1528 bonorum
1108 1469 1357 1548 partem
1403 1463 1749 1530 retinuisse
1798 1472 2039 1529 certum
2087 1470 2203 1550 est,
2253 1470 2318 1530 et
2362 1464 2574 1549 portio
2614 1463 2837 1548 aliqua
2884 1477 3010 1550 „oesp
3056 1463 3211 1528 ἀπο-

751 1576 1082 1658 γράψαντι“
1133 1569 1276 1636 dari
1325 1569 1657 1651 solebat.³)
1747 1571 1932 1637 Haec
1978 1569 2241 1655 quidem
2286 1570 2623 1637 hactenus.

926 1679 1065 1744 Iam
1109 1698 1262 1745 vero
1311 1678 1656 1765 quaeritur,
1720 1699 1874 1744 num
1936 1678 2341 1762 rogationem
2403 1680 2575 1745 bona
2631 1677 2966 1764 publicata
3022 1678 3209 1744 resti-

751 1784 974 1851 tuendi
1017 1785 1236 1851 missis
1284 1785 1670 1869 ambagibus
1717 1786 1886 1852 ferre
1932 1784 2202 1852 licuerit.
2293 1787 2441 1871 Res,
2496 1792 2567 1851 ut
2614 1784 2914 1869 equidem
2960 1785 3209 1871 opinor,

752 1912 961 1977 aeque
1027 1911 1098 1957 se
1160 1890 1360 1957 habet
1416 1912 1495 1957 ac
1550 1892 1806 1976 rogatio
1855 1893 2079 1959 exules
2135 1892 2485 1959 revocandi
2531 1892 2654 1979 vel,
2720 1898 2791 1957 ut
2838 1892 3209 1958 accuratius

755 1999 984 2084 dicam,
1029 2019 1112 2064 ne
1158 1999 1587 2065 restitutionis
1635 1999 1896 2083 quidem
1923 2000 2232 2066 bonorum
2260 1998 2613 2085 rogandae,
2659 1999 2785 2065 nisi
2825 1998 3018 2066 venia
3046 1997 3212 2065 data

753 2114 944 2193 esset,
993 2106 1291 2191 cuiquam
1341 2106 1577 2172 civium
1620 2114 1917 2193 potestas
1946 2106 2086 2177 fuit.
2184 2108 2400 2175 Causa
2429 2114 2646 2175 autem
2674 2107 2839 2174 haec
2869 2113 2985 2192 est,
3032 2106 3212 2191 quod

749 2215 1062 2300 impensis
1118 2214 1397 2301 publicis
1451 2215 1518 2280 in
1582 2216 1862 2299 gratiam
1915 2215 2193 2282 hominis
2249 2215 2523 2282 alicuius
2577 2215 2828 2299 rogatis
2884 2215 3212 2282 aerarium

753 2322 1080 2407 publicum
1125 2322 1463 2406 illegitime
1509 2322 1805 2408 violatur,
1872 2323 2010 2388 sive
2065 2324 2238 2389 bona
2295 2322 2557 2389 decreta
2614 2322 3020 2389 restitutione
3064 2321 3211 2389 red-

755 2428 989 2494 duntur
1036 2430 1173 2497 sive
1218 2429 1497 2515 pretium
1542 2431 1852 2496 bonorum
1897 2429 2303 2496 venditorum
2359 2451 2440 2495 ex
2486 2429 2742 2496 aerario
2799 2429 3208 2515 persolvitur.

753 2536 1256 2603 Considerantes
1312 2542 1544 2622 autem,
1611 2535 1931 2621 quomodo
1995 2538 2275 2624 populus
2334 2537 2825 2604 Atheniensium
2886 2541 2953 2603 τὸ
3014 2543 3210 2603 κοινόν

751 2646 916 2711 tueri
971 2651 1036 2710 et
1093 2664 1352 2710 servare
1410 2644 1746 2729 studuerit,
1812 2645 1950 2712 iure
2008 2645 2520 2712 existimabimus
2578 2645 2886 2731 populum
2933 2664 3075 2711 cum
3121 2645 3208 2709 ob

752 2752 921 2818 alias
968 2771 1204 2817 causas
1252 2758 1388 2817 tum
1433 2750 1582 2817 ideo
1625 2752 1882 2818 exulum
1913 2752 2188 2818 reditum
2217 2751 2664 2819 difficillimum
2693 2751 3078 2837 reddidisse,
3122 2772 3210 2818 ne

639 2923 652 2934 ,
749 2862 1057 2925 bonorum
1104 2859 1574 2945 publicatorum
1622 2860 1937 2926 iacturam
1984 2861 2306 2925 aerarium
2349 2859 2677 2945 publicum
2725 2858 2986 2926 faceret.
3073 2857 3208 2924 Sed

751 2967 1008 3032 exulum
1037 2965 1249 3032 reditu
1278 2965 1539 3032 decreto
1571 2967 1626 3032 si
1653 2988 1781 3032 non
1813 2988 2083 3053 semper,
2124 2974 2194 3033 at
2233 2974 2449 3033 tamen
2478 2968 2853 3054 plerumque
2883 2966 3080 3032 etiam
3108 2965 3207 3031 rei

751 3073 1092 3139 familiaris
1139 3072 1609 3138 restitutionem
1655 3072 1897 3140 factam
1945 3095 2092 3141 esse
2137 3074 2488 3142 verisimile
2537 3081 2637 3141 est
2680 3074 2873 3141 venia
2917 3073 3207 3157 rogatori

751 3201 1083 3247 concessa.
1175 3178 1384 3257 Quam
1447 3180 1702 3247 veniam
1758 3202 1887 3265 qua
1952 3181 2034 3247 de
2092 3202 2292 3248 causa
2337 3182 2615 3268 populus
2673 3180 2942 3265 dederit,
3007 3178 3205 3245 facile

748 3288 1164 3372 intellegitur.
1281 3287 1538 3352 Etenim
1610 3296 2057 3355 revocatorum
2132 3295 2340 3356 status
2415 3289 2820 3356 restitutione
2893 3289 3204 3353 bonorum

752 3395 1127 3461 sublevatur
1199 3396 1607 3479 restitutique
1680 3397 2099 3481 possessione
2185 3396 2271 3462 ad
2361 3396 2643 3481 patriam
2735 3395 3201 3463 devinciuntur.

751 3500 968 3578 Quare
1032 3502 1330 3587 populus,
1398 3502 1693 3585 quamvis
1760 3503 1997 3569 invitus
2062 3503 2281 3588 faciat,
2344 3509 2561 3570 tamen
2625 3505 2797 3568 bona
2851 3502 3066 3568 reddit
3122 3523 3202 3568 ac

747 3608 1029 3694 remittit,
1095 3608 1248 3692 quia
1313 3608 1414 3675 his
1463 3609 1692 3694 opibus
1737 3615 2034 3695 praestat
2076 3610 2172 3676 rei
2217 3610 2520 3696 publicae
2566 3611 2765 3695 saluS,
2830 3631 2959 3694 qua
3018 3610 3202 3676 resti·

747 3716 911 3783 tutio
958 3715 1310 3801 flagitatur.
1319 3714 1377 3803 4)

930 3893 978 3963 ¹)
1020 3893 1222 3962 [Isocr.]
1261 3894 1418 3964 epist.
1457 3894 1564 3949 VH
1600 3897 1657 3950 9:
1705 3894 1943 3965 κατάγειν
1981 3893 2032 3947 δὲ
2067 3895 2180 3957 τοὺς
2218 3894 2508 3967 φεύγοντας,
2557 3894 2839 3948 ἀποδιδόναι
2886 3894 2939 3948 δὲ
2972 3901 3078 3958 τοῖς
3114 3897 3203 3967 μὲν

746 3989 970 4037 Ιιιοιτιοῐῑετι
1014 3985 1106 4045 τὰς
1153 3982 1375 4055 κτήσεις,
1430 3981 1483 4044 ἐξ
1532 3976 1602 4036 ὧν
1638 3982 1882 4047 ἐξέπεσον,
1937 3990 2042 4047 τοῖς
2089 3983 2141 4036 δὲ
2185 3985 2466 4056 πριαμένοις
2511 3987 2602 4047 τὰς
2647 3988 2792 4056 τιμὰς
2840 3987 2930 4047 τὰς
2975 3986 3203 4048 ἑκάστοις

747 4073 1041 4146 γιγνομένας
1079 4112 1093 4126 .
1132 4111 1145 4124 .
1185 4110 1199 4124 .

930 4162 978 4229 ²)
1016 4162 1374 4233 Lepidissime
1410 4163 1509 4218 hos
1547 4163 1753 4218 civium
1790 4181 1966 4219 mores
2003 4163 2329 4235 perstringit
2373 4164 2655 4236 Aristoph.
2693 4166 2858 4235 Vesp.
2903 4184 2981 4220 vs.
3024 4166 3199 4220 484-

745 4254 878 4318 507;
918 4253 984 4307 cf.
1022 4253 1144 4323 Lys.
1183 4253 1337 4308 XXX
1374 4254 1457 4308 22.
1497 4253 1652 4307 XXV
1690 4254 1784 4320 263
1824 4253 2194 4309 Schoemann:
2236 4255 2398 4309 ›Ant.
2435 4254 2473 4311 i.
2512 4273 2565 4325 p.
2605 4255 2729 4310 Gn«
2771 4273 2825 4324 p.
2865 4256 2987 4309 318.

923 4322 971 4412 ὃ)
1010 4342 1293 4413 Copiosius
1328 4361 1445 4399 rem
1480 4343 1750 4400 tractavit
1786 4343 1958 4399 Meier
1992 4344 2030 4398 1.
2059 4344 2096 4398 1.
2136 4362 2190 4414 p.
2227 4345 2331 4399 201
2369 4362 2489 4413 sqq.

928 4432 972 4502 ⁴)
1008 4434 1215 4488 Eadem
1251 4433 1681 4501 interfectorum,
1721 4433 1921 4502 quibus
1958 4435 2192 4504 populus
2228 4434 2467 4489 reditum
2499 4434 2779 4502 concessit,
2816 4433 3062 4491 condicio
3090 4438 3199 4501 est3

744 4542 877 4579 nam
912 4525 1111 4579 horum
1147 4541 1364 4592 quoque
1399 4524 1667 4579 bonorum
1703 4523 2131 4590 restitutionem,
2168 4524 2277 4578 nisi
2313 4525 2479 4579 venia
2513 4524 2649 4579 data.
2676 4526 2831 4591 esset,
2869 4542 3064 4594 rogare
3089 4542 3204 4579 non

743 4613 923 4680 licuit,
960 4613 1008 4667 si
1038 4612 1277 4682 quidem,
1316 4616 1381 4668 ut
1407 4614 1604 4669 Meier:
1647 4614 1747 4669 »de
1773 4615 1901 4669 bon.
1930 4614 2144 4670 damnat
2176 4633 2229 4684 p.
2262 4615 2327 4669 18
2341 4632 2421 4682 sq.
2447 4614 2573 4668 adn.
2595 4615 2662 4669 47
2692 4613 2941 4680 coniecit,
2979 4615 3202 4668 illorum

742 4720 830 4757 res
858 4702 1175 4769 familiares,
1215 4721 1340 4757 curn
1377 4704 1564 4758 exules
1609 4703 1746 4759 facti
1784 4707 1979 4771 essent,
2017 4704 2336 4774 publicatae
2372 4707 2503 4759 sunt
2528 4703 2622 4772 (cf.
2642 4704 2814 4759 etiam
2832 4704 3201 4759 Schoemann:
