3567 5392
1576 401 1746 496 81-

396 601 462 657 et
506 592 700 657 venia
754 592 1221 659 mercatoribus
1276 613 1592 660 concessa
1657 594 1738 661 de
1801 596 2097 680 pecuniis
2161 595 2441 680 publicis
2496 596 2849 665 reddendis

393 698 518 776 vel,
548 706 620 763 ut
648 698 798 766 aliis
827 700 1041 766 verbis
1072 698 1307 780 dicam,
1348 698 1430 765 de
1469 700 1813 784 illegitima
1853 701 2093 767 aerarii
2130 702 2374 786 publici
2412 702 2850 771 deminutione

393 804 803 890 disceptavit.
894 807 1079 872 Haec
1124 806 1384 890 quidem
1428 806 1762 874 hactenus.

568 913 718 977 Alia
766 933 845 978 ac
872 912 1232 996 legatorum
1263 933 1465 979 causa
1500 913 1956 997 inquilinorum
1972 912 2020 1000 ¹)
2060 913 2316 980 videtur
2354 915 2575 1001 fuisse,
2614 918 2849 1000 quibus

393 1020 650 1084 senatui
665 1026 730 1084 et
760 1019 1037 1086 comitiis
1065 1019 1382 1087 interesse
1411 1041 1542 1086 non
1558 1020 1758 1085 licuit.
1774 1019 1826 1104 Β)
1866 1019 2102 1097 Quare,
2132 1041 2213 1085 ne
2242 1021 2405 1087 illud
2430 1024 2852 1109 praecipuum

393 1125 630 1190 civium
665 1126 767 1192 ius
795 1127 923 1192 nisi
954 1146 1096 1191 cum
1126 1127 1348 1212 populi
1378 1128 1571 1192 venia
1619 1134 2009 1211 exercerent,
2054 1127 2134 1193 iis
2174 1127 2584 1195 interdictum
2621 1131 2848 1219 erat.³)

393 1233 608 1319 Saepe
655 1240 871 1299 autem
917 1233 1250 1317 inquilinis
1297 1241 1363 1299 et
1407 1234 1770 1319 peregrinis
1826 1235 1991 1301 bene
2039 1234 2122 1300 de
2167 1255 2236 1300 re
2282 1237 2546 1320 publica
2599 1239 2849 1307 meritis

327 1356 339 1363 ’
388 1340 800 1424 privilegium
845 1342 1138 1426 προσόδου
1183 1345 1335 1426 πρὸς
1379 1346 1487 1427 τὴν
1536 1344 1751 1427 βουλὴν
1799 1346 1905 1406 καὶ
1950 1346 2056 1407 τὸν
2103 1344 2293 1429 δῆμον
2341 1342 2626 1410 delatum
2665 1347 2850 1430 est,⁴=)

389 1455 461 1512 ut
492 1447 631 1513 sine
659 1448 884 1532 populi
911 1447 1104 1513 venia
1134 1446 1217 1512 de
1253 1448 1447 1514 rebus
1495 1448 1631 1515 suis
1678 1448 1744 1512 in
1793 1456 2025 1514 senatu
2074 1457 2139 1514 et
2183 1451 2251 1514 in
2298 1451 2576 1518 comitiis
2609 1452 2852 1536 agendi

391 1552 764 1619 facultatem
811 1554 1141 1620 haberent.
1234 1553 1425 1631 Quod
1469 1554 1884 1641 privilegium
1931 1575 2073 1620 cum
2119 1556 2484 1640 peregrinis
2533 1558 2845 1643 cuiusque

390 1661 647 1743 generis
694 1669 826 1727 tum
872 1662 1152 1727 maxime
1197 1662 1504 1747 proxenis
1547 1663 1903 1746 irrogatum
1951 1669 2067 1729 est.
2079 1661 2129 1742 5)
2213 1662 2310 1728 Ac
2355 1664 2731 1749 plerumque
2778 1666 2847 1731 id

390 1768 633 1833 factum
680 1776 796 1854 est,
842 1776 913 1833 ut
958 1769 1255 1853 inquilini
1302 1777 1367 1836 et
1420 1769 1763 1855 peregrini,
1827 1768 2059 1852 quibus
2113 1770 2525 1854 privilegium
2579 1772 2848 1856 aliquod

389 1875 520 1939 iam
568 1874 872 1942 tributum
921 1884 1077 1961 erat,
1125 1883 1518 1962 potestatem
1562 1875 1878 1942 baberent
1926 1875 2121 1942 etiam
2170 1876 2306 1941 alia
2351 1877 2698 1962 privilegia
2734 1879 2847 1944 im-

389 1983 709 2066 petrandi,
758 1983 814 2049 si
861 1983 943 2050 iis
991 1982 1170 2066 digni
1218 1984 1517 2063 essent.⁶)

569 2087 1043 2165 Quaerentibus
1088 2110 1275 2174 nunc,
1321 2110 1515 2173 quam
1561 2091 1643 2155 ob
1689 2109 1956 2179 causam
2002 2090 2289 2173 rogatori
2337 2090 2673 2173 utriusque
2718 2093 2846 2177 pri-

388 2195 786 2279 vilegiorum,
825 2217 993 2279 quae
1041 2217 1238 2281 supra
1285 2196 1437 2280 dixi,
1485 2197 1744 2280 generis
1791 2196 2174 2281 impunitate
2222 2216 2385 2281 opus
2424 2197 2673 2282 fuisset,
2719 2198 2848 2264 nisi

386 2303 660 2387 praemii
708 2323 909 2370 causa
952 2303 1070 2368 illa
1115 2304 1356 2369 tributa
1403 2312 1639 2388 essent,
1694 2303 1761 2368 id
1820 2303 2114 2388 occurrit,
2169 2302 2342 2386 quod
2394 2304 2735 2387 rogatione
2778 2310 2848 2373 τὸ

386 2412 593 2495 κὺριον
638 2410 948 2475 violatum
996 2418 1113 2476 est.

567 2623 780 2707 Atque
828 2623 1024 2690 etiam
1071 2624 1389 2692 eiusmodi
1426 2625 1821 2707 rogationes,
1863 2623 2095 2706 quibus
2132 2633 2235 2689 τοῦ
2265 2634 2470 2690 κοινοῦ
2508 2624 2848 2708 illegitima

395 2730 749 2796 deminutio
806 2730 1006 2815 fieret,
1060 2731 1445 2817 impunitate
1500 2731 1705 2796 actori
1758 2750 1888 2795 non
1937 2728 2095 2795 data
2140 2730 2308 2795 ferre
2369 2749 2499 2795 non
2543 2730 2852 2817 licuisset,

390 2837 518 2903 nisi
583 2838 855 2923 praemii
923 2858 1125 2904 causa
1199 2838 1609 2924 privilegium
1672 2836 2003 2920 quoddam
2079 2837 2432 2920 irrogatum
2498 2844 2698 2922 esset,
2763 2837 2851 2902 ad

390 2942 565 3026 quod
611 2964 779 3009 nunc
827 2944 956 3009 iam
1001 2964 1120 3009 nos
1165 2952 1512 3011 vertamus.

567 3048 630 3114 3.
676 3051 833 3130 Lex,
891 3071 1058 3133 quae
1115 3051 1566 3117 Timocrateae
1632 3051 1838 3134 [Dem.
1896 3050 2115 3114 XXIV
2159 3051 2273 3135 45]
2342 3050 2588 3116 inserta
2651 3057 2848 3136 extat,

390 3157 468 3241 ei,
527 3158 637 3240 qui
686 3157 1045 3223 debitorum
1091 3158 1538 3224 remissionem
1581 3164 1927 3241 rogaturus
1977 3164 2169 3242 esset,
2218 3158 2389 3242 ἀδείᾳ
2436 3177 2600 3242 opus
2646 3157 2849 3225 fuisse

386 3283 506 3329 nos
556 3262 764 3330 docet.
856 3263 1065 3340 Quam
1111 3265 1324 3348 legem
1370 3283 1498 3330 non
1544 3265 1890 3348 integram,
1938 3263 2059 3330 sed
2117 3264 2426 3329 nonnulla
2483 3264 2849 3349 supplenda

391 3389 537 3436 esse
577 3390 774 3456 supra
814 3376 899 3456 (p.
936 3373 1026 3437 40
1055 3377 1171 3454 sq.)
1203 3369 1340 3435 dixi
1368 3407 1455 3418 -
1485 3370 1623 3436 sive
1661 3371 1729 3434 in
1770 3368 1999 3435 eadem
2049 3370 2196 3454 lege
2242 3377 2457 3436 actum
2504 3370 2668 3458 est⁷)
2709 3371 2846 3437 sive

295 3484 299 3486 ’
393 3484 701 3561 separata
745 3479 850 3543 lex
898 3479 1019 3544 fuit
1065 3479 1147 3543 de
1194 3478 1574 3544 remissione
1622 3484 1687 3543 et
1731 3478 2156 3562 pensionibus
2203 3478 2603 3545 tributorum.

574 3621 615 3687 1)
653 3624 878 3676 omnino
914 3622 1346 3692 peregrinorum,
1384 3625 1449 3676 ut
1485 3621 1678 3690 opinor
1689 3644 1703 3686 ;
1742 3622 1811 3675 cf.
1850 3639 1903 3690 p.
1947 3622 2013 3675 79
2051 3621 2180 3675 adn.
2209 3622 2259 3677 4.

572 3712 616 3778 ἵ)
656 3729 995 3780 quamquam
1032 3711 1362 3767 delictorum
1398 3710 1605 3765 indicia
1651 3710 1861 3765 deferre
1910 3713 1968 3766 et
2014 3711 2306 3779 inquilinis
2354 3714 2411 3765 et
2457 3709 2626 3765 servis
2671 3709 2848 3774 licuit,

391 3817 555 3866 quam
594 3817 709 3854 rem
746 3801 894 3855 infra
929 3802 1030 3855 sub
1067 3801 1158 3854 Bl
1201 3800 1425 3855 uberius
1462 3817 1809 3869 exponemus.

571 3888 614 3951 ³)
653 3889 718 3944 cf.
765 3890 978 3945 »Wien.
1016 3889 1206 3944 stud«
1247 3890 1460 3944 V1151.

572 3978 618 4044 ⁴)
657 3979 724 4033 cf.
773 3978 991 4034 CJA.II
1036 3980 1121 4033 41.
1172 3980 1258 4034 91.
1319 3979 1437 4033 115.
1492 3979 1607 4032 164.
1656 3978 1776 4032 209.
1828 3977 1959 4042 289;
2007 3976 2078 4032 cf.
2126 3976 2301 4031 etiam
2347 3976 2488 4030 CJA.
2538 3976 2668 4030 136.
2743 3976 2848 4031 De·

388 4069 536 4121 creto
582 4066 748 4129 (CJA.
803 4061 967 4135 1142)
1023 4064 1260 4137 πρόσοδος
1319 4065 1440 4136 πρὸς
1484 4065 1567 4118 τὸν
1612 4062 1932 4136 πολέμαρχον
1980 4065 2189 4134 hospiti
2244 4065 2463 4134 publico
2518 4063 2849 4128 conceditur,

391 4154 451 4207 id
489 4155 637 4224 quod
674 4159 732 4210 et
767 4156 1059 4225 inquilinis
1096 4156 1428 4225 quibusdam
1465 4159 1522 4210 et
1557 4156 1812 4210 omnibus
1848 4154 2101 4224 proxenis
2136 4152 2429 4223 privilegio
2455 4153 2759 4222 irrogatur3
2784 4152 2852 4207 cf.

386 4244 658 4299 Schubert
693 4245 731 4298 1.
770 4245 806 4298 l.
845 4264 899 4315 p.
944 4247 1006 4299 13
1019 4268 1033 4310 3
1076 4245 1289 4300 »Wiem
1326 4245 1513 4300 stud«
1557 4245 1663 4299 VH
1683 4245 1750 4299 52
1791 4262 1900 4312 sq.;
1936 4261 1988 4297 V.
2027 4261 2195 4312 supra
2229 4261 2281 4312 p.
2324 4242 2392 4297 74
2429 4242 2553 4296 adn.
2584 4244 2634 4296 6.

570 4332 616 4400 ⁵)
654 4333 720 4388 cf.
760 4334 1034 4390 Schubert
1068 4353 1120 4404 p.
1161 4335 1388 4389 32—40.
1428 4352 1480 4403 p.
1523 4335 1614 4399 763
1651 4335 1957 4388 Monceaux
1992 4334 2028 4387 l.
2068 4334 2105 4386 1.
2143 4351 2196 4402 p.
2235 4333 2319 4386 98.

571 4422 616 4491 ⁰)
653 4423 846 4479 Simile
884 4425 1020 4493 quid
1055 4425 1193 4479 haec
1237 4424 1430 4478 verba:
1487 4416 1612 4474 εἶναι
1661 4420 1712 4474 δὲ
1767 4419 1939 4483 αὐτοῖς
1994 4422 2082 4473 καὶ
2137 4418 2268 4472 ἄλλο
2313 4418 2547 4491 εὑρέσθαι
2588 4421 2727 4491 παρὰ
2762 4424 2850 4471 τοῦ

383 4508 554 4581 δήμου
612 4509 816 4582 ἀγαθὸν
873 4510 987 4564 ὅτου
1042 4513 1103 4564 ἂν
1159 4510 1366 4564 δοκῶσιν
1422 4509 1550 4573 ἄξιοι
1586 4506 1711 4563 εἶναι
1769 4512 1858 4580 [cf.
1906 4511 2047 4565 CJA.
2098 4512 2153 4565 H
2207 4512 2322 4565 164.
2367 4510 2494 4578 207]
2543 4509 2852 4580 significare

379 4602 528 4656 mihi
565 4601 828 4658 videntur
839 4626 852 4669 ;
891 4605 958 4660 of.
996 4604 1218 4681 nmen
1262 4603 1481 4658 »swa«
1523 4621 1578 4672 p.
1616 4584 1747 4666 241;
1785 4601 2057 4656 Sehubert
2092 4618 2145 4669 p.
2182 4601 2269 4657 38.

571 4688 613 4757 ⁷)
652 4692 772 4747 Hae
807 4693 1044 4749 lacunae
1079 4711 1190 4748 non
1228 4692 1610 4747 demonstrant
1643 4692 1797 4760 leges
1833 4708 1869 4745 a
1902 4689 2130 4755 falsario
2165 4690 2321 4744 fictas
2351 4706 2481 4753 esse,
2510 4688 2604 4743 sed
2631 4689 2851 4742 constat

2492 4778 2526 4830 6
