3567 5392
1572 488 1699 555 149

414 689 742 767 praesunt.
851 682 1062 766 Atque
1127 682 1184 749 si
1247 683 1574 748 minimum
1638 704 1753 749 sex
1819 683 2000 748 milia
2074 682 2307 748 civium
2372 688 2437 749 et
2499 702 2664 748 unus
2732 680 2866 748 suf-

412 789 626 874 fragia
679 790 978 874 tulerunt,
1035 795 1309 880 ψήφισμα
1363 789 1453 855 ἐπ’
1511 791 1677 875 ἀνδρί
1742 789 2104 857 οοῃῖθοιωη
2165 797 2283 857 est.
2373 787 2566 866 Quod
2629 788 2860 855 maiori

412 896 583 982 parti
629 896 983 983 placuerat,
1028 896 1130 963 ius
1176 904 1511 981 ratumque
1558 897 1679 963 fuit
1731 896 1798 967 h.
1847 918 1938 983 e.‚
1995 897 2050 964 si
2105 896 2382 982 populus
2436 896 2696 963 veniam
2754 895 2863 963 de-

414 1011 705 1090 negarat,
748 1003 909 1069 nihil
966 1003 1246 1090 amplius
1302 1004 1384 1071 de
1439 1004 1564 1070 hae
1619 1025 1689 1070 re
1745 1011 1960 1070 aetum
2016 1010 2146 1086 est3
2212 1004 2312 1070 sin
2369 1003 2656 1091 dederat,
2714 1009 2865 1070 ante

413 1111 775 1195 proximam
847 1111 1210 1178 contionem
1282 1111 1672 1178 ordinariam
1740 1111 1824 1178 de
1890 1110 2091 1178 debiti
2153 1110 2532 1189 remissione
2597 1117 2862 1194 rogator

415 1237 557 1282 eum
603 1226 834 1284 senatu
880 1218 1031 1304 egit,
1077 1225 1426 1303 antequam
1469 1220 1536 1283 in
1582 1218 1746 1305 ipsis
1795 1218 2071 1285 comitiis
2113 1218 2287 1303 apud
2318 1217 2627 1304 populum
2663 1218 2865 1284 verba

414 1324 586 1393 feeit.
681 1325 961 1391 Senatus
1007 1331 1225 1392 autem
1269 1308 1693 1412 probulenma
1739 1326 1827 1391 ad
1871 1316 2181 1411 populum
2239 1324 2474 1411 defert,
2532 1324 2706 1409 quod
2759 1345 2862 1391 ao-

415 1431 631 1517 oipere
678 1439 791 1497 aut
835 1439 1086 1499 mutare
1134 1439 1247 1498 aut
1296 1433 1636 1516 antiquare
1684 1434 1745 1498 ei
1793 1433 2061 1499 liberum
2110 1439 2228 1499 est.
2323 1432 2469 1510 Qua
2504 1432 2571 1497 in
2608 1432 2864 1498 actione

411 1546 676 1622 rogator
721 1560 880 1605 suae
929 1560 1170 1606 causae
1216 1538 1669 1606 defendendae
1715 1539 1860 1626 ipse
1907 1539 2281 1605 facultatem
2340 1538 2555 1605 habet.
2613 1538 2861 1619 Quodsi
2910 1544 2913 1549 '

411 1647 692 1731 populus
739 1647 1184 1713 remissionem
1233 1646 1439 1732 seivit,
1487 1654 1867 1731 quaestores
1916 1647 2073 1732 eius,
2115 1647 2217 1712 oui
2249 1667 2495 1712 summa
2529 1646 2860 1724 debeatur,

412 1753 649 1818 aerarii
696 1775 947 1820 nomen·
974 1754 1286 1820 debitoris
1345 1774 1716 1839 expungere
1773 1754 2151 1835 iubentur.¹)
2243 1755 2409 1819 Tum
2456 1752 2711 1822 deinum
2764 1758 2863 1820 τὸν

411 1859 722 1948 ὀφείλοντα
782 1875 864 1947 τῷ
928 1863 1199 1948 δημοσίῳ
1264 1860 1551 1927 debitum
1622 1861 1899 1928 solvisse
1961 1861 2181 1927 fiotum
2246 1868 2311 1927 et
2384 1861 2463 1925 in·
2524 1861 2864 1946 pristinum

412 1973 649 2032 statum
698 1969 917 2053 eapite
965 1968 1332 2033 deminutus
1379 1967 1715 2034 restitutus
1762 1975 1883 2037 est.

410 2149 518 2210 est3
556 2147 623 2202 cf.
662 2148 910 2202 Philoeh.
947 2147 1014 2200 fr.
1055 2148 1195 2212 79b;
1235 2147 1361 2203 Lex.
1401 2148 1564 2202 R-het.
1604 2147 1866 2203 Cantabr.
1905 2147 2009 2214 (ed.
2048 2147 2340 2216 Houtsma)
2378 2165 2430 2218 p.
2469 2149 2565 2214 243
2596 2147 2862 2203 Valeton:

407 2236 672 2291 MnemOS.
709 2255 763 2290 n.
802 2255 844 2290 ε.
882 2237 986 2292 XV
1026 2255 1080 2306 p.
1121 2238 1207 2293 26.
2424 2280 2429 2285 ,

594 2324 635 2393 ¹)
673 2326 740 2380 ef.
779 2326 983 2398 Andoo.
1022 2327 1090 2381 de
1127 2328 1292 2396 myst.
1331 2327 1363 2394 ξ
1403 2329 1468 2382 77
1512 2345 1629 2395 sqq.
