3567 5392
687 602 820 667 pax
865 602 995 646 non
1041 591 1198 666 erat,
1244 582 1534 649 Athenas
1580 582 1839 665 legatos
1885 583 2079 666 misit,
2126 602 2367 667 praeco
2415 590 2869 649 sacrosanctus
2913 584 3153 669 praeit,

689 688 799 772 qui
846 708 989 754 cum
1030 688 1549 773 Atheniensibus,
1595 695 1772 755 certe
1819 709 1962 754 cum
2009 695 2257 774 senatu,
2296 690 2700 775 ,,σπὲνδεται“,
2746 690 2784 756 i.
2833 710 2887 756 e.
2933 690 3155 756 libati--

690 815 812 861 one
860 794 1078 880 efficit,
1134 802 1206 860 ut
1261 795 1502 878 legatis
1557 795 1759 862 libere
1807 797 2030 861 urbem
2085 797 2324 861 intrare
2381 796 2578 861 liceat
2593 795 2659 883 ¹),
2717 802 2830 861 aut
2884 797 3151 862 veniam
3206 833 3221 845 ,

687 902 1052 985 legatorum
1097 901 1554 968 mittendorum
1599 909 1795 968 antea
1842 922 1959 987 per
1991 901 2457 970 caduceatores
2485 903 2602 969 illa
2629 901 2890 986 quidem
2917 909 3152 988 petere

690 1006 937 1094 solet.²)
1047 1008 1316 1074 Senatui
1372 1016 1588 1075 autem
1655 1016 1722 1074 et
1786 1009 2062 1075 comitiis
2128 1009 2448 1076 interesse
2514 1009 2639 1075 nisi
2703 1008 3080 1076 ἱκετευόντων
3092 1010 3157 1090 ⁸)

687 1114 946 1181 nomine
989 1117 1094 1181 vel
1143 1117 1262 1182 sub
1309 1117 1514 1182 tutela
1561 1116 1826 1182 deorum
1874 1116 1955 1182 iis
1999 1136 2130 1182 non
2175 1116 2347 1183 lieet.

867 1222 1081 1288 Aliam
1156 1223 1238 1288 ob
1304 1243 1568 1288 causam
1633 1223 1874 1306 legatis
1939 1223 2402 1290 Naucratitieis
2471 1222 2644 1308 ἀδείᾳ
2709 1243 2873 1309 opus
2938 1223 3155 1290 fuisse-

689 1338 866 1414 puto‚
924 1330 1036 1412 qui
1091 1331 1175 1395 ab
1229 1329 1735 1396 Atheniensibus
1793 1330 2135 1415 petierunt,
2190 1336 2261 1395 ut
2322 1330 2639 1415 pecuniae
2702 1329 3157 1414 redderentur‚

692 1438 922 1520 quibus
968 1444 1358 1503 mercatores
1404 1436 1832 1504 Naucratitici
1881 1444 2100 1503 essent
2137 1437 2392 1520 privati.
2450 1435 2639 1513 Quod
2667 1436 2734 1501 in
2763 1444 3157 1520 argumento

691 1545 754 1607 II
802 1543 888 1609 ad
930 1544 1397 1610 Demosthenis
1444 1544 1804 1609 orationem
1851 1543 2070 1608 XXIV
2121 1544 2358 1625 (initio)
2416 1543 2518 1610 his
2564 1545 2779 1610 verbis
2835 1544 3145 1613 traditur:

691 1649 968 1738 Πολέμου
1014 1656 1404 1738 τυγχάνοντος
1445 1649 1801 1738 Ἀθηναίοις
1846 1656 1995 1736 πρὸς
2040 1654 2306 1734 βασιλέα,
2354 1655 2511 1717 κατὰ
2554 1662 2756 1717 τοῦτον
2801 1657 2898 1717 τὸν
2924 1658 3161 1740 χρόνον·

689 1758 919 1845 ἐγράφη
968 1764 1244 1848 ψήφισμα
1288 1760 1443 1822 σῦλα
1486 1762 1708 1824 πλοίων
1754 1758 2060 1845 πολεμίων
2108 1757 2254 1825 εἶναι
2298 1763 2405 1824 καὶ
2430 1761 2700 1841 γίνεσθαι
2726 1762 2805 1823 τὰ
2843 1767 3151 1847 τιμήματα

689 1873 804 1929 τῶν
829 1867 1068 1930 κλοπῶν
1090 1868 1348 1953 δημόσια
1364 1915 1751 1933 .........
1767 1869 1874 1929 καὶ
1903 1868 2093 1948 λόγων
2122 1871 2440 1952 γενομένων
2467 1877 2591 1938 τοῖς
2628 1863 2969 1949 Αἰγυπτίοις
2995 1870 3151 1952 πρὸς

692 1976 791 2038 τὸν
838 1975 1029 2060 δῆμον
1075 1979 1180 2037 καὶ
1225 1972 1493 2054 ἱκετειῶν,
1504 1972 1559 2055 ⁴)
1608 1969 1771 2038 οὐδὲν
1817 1972 1988 2060 ἧττον
2034 1974 2252 2060 ἐκρίθη
2297 1977 2372 2037 τὰ
2416 1979 2709 2060 χρήματα
2754 1972 2898 2039 εἶναι
2954 1976 3162 2060 δημό--

693 2102 792 2144 σια
837 2080 922 2152 ὡς
969 2084 1265 2167 πολεμίων
1312 2079 1496 2145 ὄντων
1542 2091 1655 2145 τῶν
1700 2078 2057 2161 Αἰγυπτίων.
2113 2078 2363 2156 Quibus
2410 2079 2648 2164 legatis
2693 2100 2812 2165 pro
2845 2080 3161 2146 contione·

692 2185 1054 2252 dicentibus
1082 2187 1276 2251 venia
1313 2186 2083 2254 debitoribus-fiscalibus
2129 2188 2570 2254 remissionem
2607 2187 2905 2272 petituris
2927 2186 3163 2252 danda.

694 2313 856 2378 opus
897 2293 1107 2359 fuisse¹
1159 2312 1419 2376 censeo,
1483 2293 1785 2375 quoniam
1846 2293 2125 2378 populus
2179 2293 2302 2360 has
2356 2295 2669 2380 pecunias
2744 2294 3164 2359 iudicaverat.

690 2399 1075 2485 publicas.⁵)
1115 2398 1303 2475 Quod
1336 2400 1503 2466 enim
1535 2398 1709 2483 apud
1727 2399 1913 2464 Dem.
1937 2400 2295 2485 [XX1V12]
2314 2401 2652 2485 legimusz.
2681 2455 2696 2468 .
2726 2454 2740 2468 .
2771 2453 2785 2469 .
2818 2401 2901 2475 ὣς
2920 2403 3149 2468 ἔθεσαν

691 2512 796 2593 τὴν
824 2504 1126 2592 ἱκετηρίαν
1139 2507 1189 2595 6)
1219 2505 1299 2571 ὧν
1339 2506 1414 2594 ἧν
1451 2510 1529 2572 τὰ
1567 2512 1860 2594 χρήματα
1890 2506 2216 2592 ἅνθρωποι,
2247 2506 2331 2580 ὡς
2367 2508 2930 2596 ἀπεχειροτονήσαθ’
2979 2504 3151 2595 ὑμεῖς

694 2618 777 2702 μὴ
826 2617 992 2702 φίλια
1035 2611 1217 2681 εἶναι.
1245 2664 1261 2681 .
1291 2663 1339 2689 .,
1390 2620 1454 2679 et
1500 2612 1694 2679 simili
1739 2613 1933 2679 modo
1980 2615 2047 2679 in
2093 2634 2338 2698 argum.
2386 2617 2416 2678 Ι
2463 2613 2549 2679 ad
2595 2615 2777 2680 Dem.
2808 2634 2897 2680 or.
2926 2614 3145 2679 XXIV

692 2722 777 2806 [p.
824 2721 1009 2805 694]:
1058 2719 1174 2786 εἷθ’
1223 2719 1279 2785 οἱ
1333 2718 1748 2805 Ναυκρατῖται
1810 2727 1915 2808 μὲν
1973 2720 2252 2794 ἐλθόντες
2296 2720 2601 2808 Ἀθήναζε
2645 2727 2743 2787 τὸν
2789 2723 2979 2809 δῆμον
3022 2720 3162 2786 ἱκε-

692 2829 941 2907 τευον,”’)
989 2826 1022 2892 ὁ
1070 2830 1133 2892 δὲ
1197 2831 1392 2915 δῆμος
1450 2827 1599 2909 ἔγνω
1659 2831 1917 2916 πολέμια
1979 2827 2123 2894 εἶναι
2181 2832 2259 2894 τὰ
2321 2834 2634 2916 χρήματα,
2692 2832 2799 2892 καὶ
2873 2833 2957 2915 μὴ
3022 2828 3162 2892 δεῖν·

693 2936 1074 3022 ἀποδοθῆναι
1122 2948 1249 3008 τοῖς
1294 2934 1595 3022 ἐμπόροις,
1646 2955 1726 3001 ex
1773 2935 1877 3001 his
1923 2936 2139 3002 verbis
2188 2936 2372 3019 sequi
2416 2955 2546 3000 non
2591 2941 2825 3019 potest,
2870 2942 2942 3001 ut
2987 2934 3159 2999 illae-

690 3043 1009 3127 pecuniae
1054 3049 1189 3107 tum
1236 3039 1492 3107 demum
1538 3041 1840 3126 publicae
1887 3040 2216 3107 iudicatae
2264 3041 2410 3126 sint,
2459 3061 2601 3107 cum
2657 3041 2862 3123 legati
2917 3041 2983 3105 in
3039 3060 3164 3106 co·-

694 3148 891 3216 mitiis
976 3170 1091 3215 eas
1174 3148 1512 3235 repetituri
1597 3156 1836 3217 essent.
1958 3147 2148 3225 Quod
2233 3148 2363 3214 iam
2438 3156 2632 3215 antea
2704 3147 3163 3233 psephismate·

693 3257 933 3323 factum
982 3277 1129 3323 esse
1176 3257 1243 3321 in
1289 3276 1534 3340 argum.
1581 3255 1644 3321 II
1692 3255 1778 3321 ad
1834 3256 2017 3322 Dem.
2066 3276 2155 3324 or.
2207 3256 2422 3321 XXIV
2466 3254 2651 3320 initio
2712 3255 2795 3340 [p.
2846 3255 3000 3339 695]
3055 3255 3161 3321 le·—

693 3363 923 3448 gimu8‚
971 3384 1171 3447 quare
1219 3383 1334 3430 eas
1380 3371 1677 3448 repetere
1721 3383 1850 3428 non
1896 3362 2098 3429 licuit.
2192 3362 2400 3427 Venia
2445 3362 2645 3446 igitur
2690 3360 2946 3426 demum
2986 3359 3145 3426 data

693 3471 932 3554 legatis
981 3490 1122 3536 cum
1169 3470 1407 3556 populo
1454 3472 1682 3536 iterum
1733 3469 1817 3536 de
1864 3471 1986 3536 hae
2032 3490 2102 3536 re
2149 3468 2391 3553 agendi
2422 3469 2704 3535 facultas
2734 3468 2872 3534 fuit.
2930 3468 3146 3533 Verba

695 3584 909 3642 autem
972 3577 1431 3645 Demosthenis
1506 3585 1571 3644 et
1636 3577 2060 3655 scholiastae,
2128 3596 2298 3659 quae
2362 3595 2561 3661 supra
2624 3575 2788 3660 dixi,
2852 3573 2940 3640 ad
3002 3593 3164 3640 eam

695 3685 1057 3751 contionem
1102 3686 1447 3770 pertinent,
1494 3704 1663 3768 quae
1709 3684 1795 3750 de
1838 3684 2115 3750 navibus
2159 3683 2301 3750 iure
2328 3682 2484 3748 belli
2512 3682 2722 3768 captis
2749 3680 3167 3767 iudicavit&-

879 3879 920 3946 ¹)
958 3880 1037 3936 Cf.
1063 3881 1213 3936 Dem.
1237 3881 1366 3935 XIX
1394 3882 1517 3946 1633
1554 3882 1736 3950 Heyse
1754 3899 1810 3950 p.
1831 3880 1928 3946 58;
1949 3879 2017 3935 cf.
2040 3880 2211 3934 etiam
2239 3879 2605 3935 Schoemann:
2649 3879 2772 3933 »Gn
2813 3878 2960 3934 Alta«
3003 3878 3056 3932 H
3097 3879 3169 3932 7.-

879 3969 923 4037 ²)
960 3971 1026 4026 cf.
1065 3971 1435 4026 Schoemann:
1479 3970 1734 4038 »Antiq.‹
1775 3988 1829 4039 p.
1869 3970 2062 4035 368‚2;
2100 3970 2281 4038 Heyse
2317 3969 2354 4022 1.
2391 3968 2430 4024 l.
2468 3986 2522 4037 p.
2561 3969 2612 4022 8.

876 4058 921 4119 ⁸)
958 4060 1040 4114 De
1075 4060 1299 4114 notione
1335 4059 1487 4115 verbi
1523 4078 1575 4114 v.
1614 4077 1782 4129 supra
1817 4078 1869 4128 p.
1909 4058 1977 4112 72
2014 4076 2093 4126 sq.

878 4148 923 4215 ⁴)
959 4149 1040 4203 De
1074 4148 1255 4203 verbis
1297 4145 1469 4218 »λόγοι
1504 4147 1592 4199 καὶ
1629 4144 1857 4198 instem«
1899 4146 1966 4202 cf.
2003 4147 2079 4212 id,
2117 4147 2266 4215 quod
2314 4147 2381 4201 de
2427 4146 2812 4201 coniunctione
2859 4144 3173 4199 verborum.

700 4234 957 4288 »ἱκετεύειν
1004 4236 1091 4288 καὶ
1137 4234 1367 4288 δεῖσθαι(
1422 4238 1647 4307 exposui
1692 4237 1767 4306 (p.
1811 4238 1878 4291 73
1915 4237 2041 4292 adn.
2080 4238 2163 4302 2);
2201 4236 2297 4291 sed
2331 4237 2435 4290 hoc
2470 4236 2604 4301 1000,
2642 4238 2708 4289 ut
2745 4232 3174 4297 demonstmb0„

696 4326 763 4382 de
800 4323 943 4393 ἀδείᾳ
979 4326 1112 4381 data
1148 4327 1353 4396 agitur.

878 4414 921 4483 ⁶)
960 4432 1103 4484 quae
1138 4415 1446 4470 reddendae
1481 4432 1591 4469 non
1627 4418 1814 4481 erant3
1853 4416 1921 4470 ef.
1961 4415 2114 4470 Dem.
2152 4414 2335 4469 XXIV
2372 4415 2443 4469 50
2479 4413 2565 4482 (in
2601 4413 2764 4483 lege).

877 4503 922 4572 ⁶)
957 4522 1009 4559 v.
1038 4522 1205 4573 supra
1239 4523 1292 4574 p.
1333 4506 1401 4559 73
1438 4505 1564 4559 adn.
1606 4506 1653 4557 1.

880 4591 921 4662 7)
959 4594 1027 4648 cf.
1063 4593 1196 4649 ibid.

880 4681 921 4750 ⁸)
959 4701 1103 4752 quae
1139 4683 1495 4754 fungebatur,
1534 4686 1598 4737 ut
1634 4681 1831 4751 lingua
1867 4683 2165 4738 vernacula
2202 4685 2353 4738 utar:
2407 4682 2520 4738 »als
2567 4678 3034 4750 Prisengericht«;
3082 4678 3176 4733 de·

695 4774 801 4828 hac
835 4790 896 4828 re
932 4773 999 4828 cf.
1040 4772 1409 4828 Schoemann:
1453 4772 1574 4827 »Gn
1615 4771 1760 4826 Alt.«
1803 4773 1830 4825 I
1859 4774 1982 4828 401.
