3567 5392
1584 458 1726 554 --53
1768 550 1777 553 -

442 649 804 734 &saw-n]
870 656 935 715 et
996 671 1090 716 vs.
1157 654 1196 716 6
1264 671 1384 734 sq.:
1463 652 1813 739 [παρέδομεν
1879 663 2234 739 στρατηγοῖς
2295 653 2363 725 ἐς
2417 650 2631 738 Μῆλον
2685 650 2915 736 Τεισί]α

450 755 823 844 Τεισιμάχου
850 754 1259 846 Κεφαλῆθεν,Ι
1298 757 1636 846 Κλεομήδει
1671 757 2249 846 Λυκο[μήδοος-·-,
2281 757 2603 845 ἡμέρα-π
2632 772 2738 844 τῆς
2767 782 2915 844 πρυ-

441 870 700 939 τανείας,
750 867 1188 952 ψηφισαμέν]οο
1233 876 1334 931 τοῦ
1383 868 1574 953 δήμου
1617 870 1721 952 τὴν
1768 865 1972 931 ἄδειαν
2018 863 2091 950 Δ..
2187 866 2483 949 Denique
2529 866 2595 930 in
2654 866 2822 931 OJA.
2880 865 2914 930 I

459 972 583 1037 183
630 991 726 1036 vs.
785 976 811 1038 1
867 992 1004 1054 sqq.
1056 972 1218 1037 haec
1264 972 1590 1055 leguntur.
1649 978 1859 1059 ταμίαι
1902 972 2073 1058 ἱερῶν
2120 969 2464 1061 χρημάτωνΙ
2522 974 2654 1059 [τῆς
2698 970 2911 1059 Ἀθη-

440 1079 695 1152 ναίας..
725 1130 740 1145 .
800 1081 1139 1164 παρέδοσαν
1195 1075 1640 1270 στρ1[ατ]ηγοῐς]
1670 1077 1720 1142 Τ
1733 1116 1978 1129 ------
2029 1080 2154 1163 καὶ]
2203 1083 2480 1165 παρέδρῳ
2532 1078 2907 1164 Φερεκλείδη

448 1183 730 1270 Πειραιεῖ,
781 1191 1188 1274 ψηφισαμένου
1236 1197 1338 1251 τοῦ
1386 1182 1551 1274 δήμΙ[
1554 1187 1640 1270 oo]
1688 1191 1793 1273 τὴν
1839 1186 2116 1254 ἄδειαν..

632 1293 791 1358 Cum
845 1292 1089 1378 publici
1151 1293 1409 1376 quidem
1469 1293 1707 1358 aerarii
1763 1293 2074 1378 populum
2130 1294 2407 1378 simplici
2462 1292 2903 1379 psephismate

449 1398 768 1464 infinitam
832 1400 1210 1465 facultatem
1276 1401 1610 1477 habuisse,
1671 1420 1752 1465 ex
1809 1401 2100 1486 seposita
2155 1409 2373 1467 autem
2428 1401 2665 1466 aerarii
2720 1407 2907 1486 parte

443 1526 594 1590 eas,
670 1507 752 1572 de
820 1507 1052 1590 quibus
1118 1507 1362 1590 agitur,
1436 1507 1750 1591 pecunias
1826 1507 2244 1593 depromptas
2310 1528 2457 1574 esse
2520 1527 2647 1573 non
2710 1528 2910 1592 posse

444 1633 649 1698 supra
679 1612 1188 1679 demonstratum
1220 1615 1319 1697 sit,
1365 1621 1586 1698 restat,
1634 1620 1705 1679 ut
1730 1615 2047 1698 pecuniae
2077 1635 2308 1681 sacrae
2337 1615 2591 1682 fuerint.
2669 1613 2906 1691 Quam-

441 1741 647 1803 quam
719 1720 987 1788 Boeckh
1058 1721 1111 1804 [„
1127 1720 1414 1787 Staatsh.
1480 1720 1541 1786 d.
1603 1720 1796 1786 Ath.“
1876 1722 2087 1806 1578]
2163 1722 2414 1788 censuit
2479 1721 2906 1788 Athenienses

444 1832 654 1892 totum
700 1827 836 1894 fere
884 1830 1206 1893 aerarium
1253 1828 1579 1914 publicum
1614 1829 1947 1895 Minervae
1994 1848 2433 1913 consecrasse,
2480 1829 2575 1893 ita
2621 1836 2691 1894 ut
2737 1830 2906 1894 inter

442 1935 769 1999 aerarium
833 1936 1161 2021 publicum
1218 1943 1283 2001 et
1339 1956 1593 2025 sacrum
1657 1934 1823 2001 deae
1880 1934 2201 2000 aerarium
2261 1935 2503 2001 nullum
2561 1935 2907 2001 discrimen

450 2048 653 2124 esset3
719 2043 941 2127 itaque
1005 2042 1154 2108 illas
1217 2043 1532 2127 pecunias
1600 2063 1680 2109 ex
1737 2049 2113 2108 consecrato
2172 2043 2424 2108 aerario
2479 2044 2736 2127 publico
2796 2042 2904 2107 de-

442 2157 780 2234 promptas
838 2170 984 2216 esse
1009 2153 1056 2229 ¹)
1113 2150 1213 2215 vir
1267 2148 1680 2216 doctissimus
1738 2150 2087 2217 contendit.
2181 2151 2267 2214 At
2313 2151 2624 2235 pecunias
2668 2169 2906 2235 reapse

443 2277 674 2323 sacras
730 2257 935 2323 fuisse
991 2256 1293 2341 equidem
1351 2258 1595 2341 opinor,
1651 2277 1845 2340 quam
1902 2258 1983 2322 ob
2042 2278 2306 2323 causam
2354 2258 2432 2342 ei,
2488 2258 2598 2340 qui
2646 2278 2726 2323 ex
2772 2257 2905 2323 illis

441 2384 489 2427 a
534 2363 774 2449 populo
825 2364 1080 2448 erogari
1126 2364 1340 2448 vellet,
1389 2364 1563 2449 ἀδείᾳ
1611 2384 1773 2449 opus
1824 2363 2046 2430 fuisse.
2124 2364 2333 2430 Aliter
2359 2365 2602 2430 Beloch
2651 2365 2749 2448 [N.
2781 2362 2901 2428 Rh.

445 2471 606 2536 Mus.
662 2470 950 2535 XXXIX
1006 2473 1093 2537 55
1151 2472 1266 2554 sq.]
1344 2472 1709 2555 nuperrime
1775 2491 1911 2537 rem
1978 2472 2301 2536 tractavit.
2399 2472 2686 2557 Exponit
2732 2472 2905 2536 enim

442 2597 529 2641 ex
574 2577 737 2661 ipsis
785 2578 1045 2660 quidem
1089 2578 1344 2642 tributis
1390 2578 1704 2663 pecunias
1749 2577 2035 2663 pendere
2082 2579 2535 2663 quaestoribus
2573 2580 2904 2645 Minervae

446 2683 576 2749 nisi
638 2685 831 2750 venia
896 2704 1209 2751 concessa
1273 2705 1400 2750 non
1467 2685 1747 2769 licuisse,
1820 2687 2135 2770 pecunias
2211 2694 2426 2752 autem
2504 2707 2585 2751 ex
2647 2687 2903 2753 tributis

440 2791 807 2876 superfluas
872 2812 1016 2857 cum
1071 2792 1325 2858 aerario
1382 2793 1709 2858 Minervae
1776 2792 2154 2858 coniunctas
2222 2813 2427 2876 eoque
2491 2793 2684 2858 modo
2752 2815 2900 2858 con·

440 2907 737 2965 secratas
800 2919 973 2984 esse,
1039 2921 1080 2964 a
1135 2919 1260 2982 quo
1319 2919 1506 2965 sacro
1562 2899 1816 2964 aerario
1878 2898 2197 2982 quomodo
2254 2900 2567 2985 pecunias
2625 2900 2902 2966 mutuati

441 3006 576 3071 sint
634 3005 1082 3090 Athenienses,
1156 3006 1343 3073 nobis
1414 3027 1542 3071 non
1613 3015 1837 3072 notum
1911 3026 2076 3074 esse.
2180 3004 2371 3082 Quod
2433 3008 2709 3092 probare
2773 3029 2902 3074 non

436 3132 725 3197 possum,
784 3134 926 3178 cum
983 3114 1351 3179 etiamnunc
1396 3112 1755 3178 Kirchhoffi
1816 3115 2177 3179 sententiae
2199 3117 2248 3194 ²)
2306 3114 2709 3194 assentiar.⁸)
2803 3115 2900 3180 Ac

441 3219 717 3305 primum
764 3220 1024 3303 quidem
1068 3221 1334 3286 miretur
1380 3221 1704 3305 quispiam
1751 3221 1993 3304 optimo
2040 3221 2179 3286 iure
2223 3221 2533 3306 populum
2580 3221 2900 3287 sociorum

440 3327 698 3392 tributis
761 3348 890 3392 non
957 3327 1233 3412 simplici
1295 3327 1740 3413 psephismate
1809 3328 1900 3391 uti
1964 3328 2274 3412 potuisse.
2366 3328 2622 3394 Deinde
2681 3335 2899 3392 autem

436 3435 699 3499 etiamsi
771 3434 1080 3519 populum
1152 3433 1525 3500 facultatem
1601 3434 1781 3498 illam
1843 3454 1971 3498 non
2037 3434 2345 3500 habuisse
2409 3434 2895 3501 concedendum

435 3548 635 3625 esset,
691 3541 929 3606 frustra
976 3562 1273 3626 quaeras,
1339 3561 1468 3626 qua
1524 3540 1607 3607 de
1663 3561 1866 3607 causa
1919 3536 2237 3625 pecuniae
2294 3561 2749 3626 nonnunquam
2799 3563 2894 3608 se·

435 3648 699 3733 positae
746 3649 891 3734 sint,
948 3649 1180 3733 quibus
1226 3650 1420 3715 venia
1466 3649 1752 3732 rogatori
1803 3647 1961 3713 data
2009 3649 2239 3714 eodem
2285 3649 2475 3714 modo
2523 3657 2718 3733 atque
2764 3649 2898 3715 illis

437 3755 536 3820 uti
598 3755 839 3841 populo
902 3755 1175 3821 licuerit.
1268 3754 1451 3832 Quae
1526 3776 1669 3821 cum
1732 3756 1827 3820 ita
1892 3775 1964 3821 se
2033 3756 2335 3841 habeant,
2409 3757 2739 3841 pecunias,
2815 3756 2897 3822 de

433 3861 674 3944 quibus
724 3863 956 3946 agitur,
1007 3883 1232 3929 sacras
1281 3862 1483 3929 fuisse
1531 3869 1832 3927 constare
1879 3862 2035 3926 mihi
2081 3863 2351 3927 videtur.

622 3966 872 4044 Quibus
919 3969 1112 4034 rebus
1140 3969 1634 4035 Atheniensium
1679 3969 1846 4034 ratio
1895 3970 1979 4034 ab
2025 3970 2277 4034 aerario
2328 3990 2512 4035 sacro
2560 3969 2893 4035 mutuandi

433 4075 876 4155 illustratur.⁴)
972 4075 1207 4141 Sacras
1264 4076 1433 4141 enim
1488 4076 1802 4161 pecunias
1861 4075 2016 4161 (ἱερὰ
2069 4075 2385 4164 χρήματα)
2444 4075 2530 4140 ad
2585 4077 2893 4161 profanos

623 4218 668 4285 ¹)
708 4218 788 4273 Cf.
826 4217 1047 4271 Boeckh
1084 4217 1121 4272 l.
1159 4218 1196 4273 l.
1235 4219 1261 4272 Ι
1300 4220 1419 4273 580.

622 4306 665 4375 ²)
703 4307 769 4360 cf.
808 4307 846 4360 1.
885 4307 922 4361 1.

621 4394 666 4463 ⁸)
701 4397 872 4451 Recte
909 4396 1210 4465 distinguit
1247 4395 1494 4466 χρήματα
1529 4393 1637 4467 ἱερά
1684 4401 1741 4452 et
1796 4394 2015 4467 δημόσια
2068 4397 2388 4452 Holwerda:
2443 4399 2703 4452 Mnemos.
2765 4415 2891 4451 nov.

426 4503 537 4540 ser.
575 4486 706 4540 XIV
743 4504 796 4555 p.
845 4488 958 4539 115.

620 4574 663 4642 ⁴)
700 4575 886 4630 Etiam
926 4576 1070 4630 aliae
1107 4574 1379 4639 civitates,
1417 4577 1506 4630 vel
1542 4577 1727 4645 potius
1764 4576 2054 4646 plurimae,
2093 4593 2128 4629 a
2164 4576 2410 4645 pecuniis
2448 4577 2615 4630 sacris
2644 4579 2892 4631 mutuari

425 4665 689 4719 solebant
699 4686 712 4729 3
751 4664 818 4719 cf.
860 4665 1326 4719 Biichsenschiitz:
1371 4666 1520 4720 »Bes
1559 4683 1612 4719 u.
1651 4667 1826 4719 Erw.«
1869 4683 1921 4735 p.
1953 4666 2081 4728 5073
2121 4665 2189 4719 de
2226 4666 2521 4720 civitatum
2559 4666 2893 4721 Graecarum

431 4753 884 4808 mutuationibus
930 4754 997 4808 cf.
1048 4754 1109 4807 in
1155 4754 1469 4809 universum
1517 4755 1745 4810 Szantoz
1799 4754 2057 4809 »Wiener
2101 4753 2289 4809 stads
2331 4755 2439 4808 VII
2484 4773 2536 4823 p.
2587 4755 2890 4809 232-252.
