3567 5392
1605 404 1691 468 29

417 599 671 668 violari.
764 599 851 664 At
905 618 1058 664 vero
1112 598 1381 682 liturgia
1442 597 1864 663 trierarchiae
1920 616 2049 662 non
2104 597 2171 660 in
2217 594 2467 661 reditus
2515 593 2885 661 ordinarios

420 706 516 773 rei
542 705 845 791 publicae
889 705 1103 770 relata
1152 705 1352 788 est31)
1394 710 1460 770 et
1494 711 1630 770 tum
1668 701 2114 769 tantummodo
2155 713 2259 768 τοῦ
2296 711 2494 768 κοινοῦ
2535 702 2886 785 integritas

420 811 730 890 laeditur,
791 832 933 878 cum
981 810 1293 877 ordinarii
1337 810 1583 877 reditus
1596 810 1645 890 ²)
1695 810 2036 895 illegitime
2082 807 2554 877 deminuuntur.
2648 808 2885 892 Itaque

422 919 482 985 ei
531 918 672 1002 soli⁷
718 918 830 1002 qui
873 917 1280 1001 rogationem
1324 917 1579 984 laturus
1627 924 1745 1002 est,
1791 923 1863 982 ut
1908 917 2135 982 horum
2173 914 2496 982 redituum
2525 915 2886 981 deminutio

420 1025 765 1108 illegitima
809 1024 944 1108 fiat,
992 1024 1171 1109 ἀδείᾳ
1216 1043 1380 1110 opus
1428 1031 1548 1092 est.
1561 1023 1615 1107 ³)
1690 1022 1874 1101 Quae
1923 1044 2066 1090 cum
2099 1024 2194 1088 ita
2232 1023 2379 1108 sint,
2415 1023 2584 1088 hanc
2612 1042 2888 1089 causam

423 1132 659 1199 falsam
707 1152 855 1201 esse
900 1131 1318 1216 intellegitur.
1414 1132 1589 1215 Ergo
1635 1131 1704 1197 in
1751 1151 1830 1198 eo
1879 1151 2027 1198 esse
2085 1151 2351 1197 causam
2408 1129 2643 1196 dixerit
2708 1129 2886 1196 alius

424 1240 589 1324 quis,
667 1238 840 1323 quod
922 1237 1368 1307 trierarchiam
1439 1239 1705 1305 maximi
1786 1237 1875 1304 ad
1959 1237 2349 1304 servandam
2417 1237 2888 1322 rempublicam

422 1347 729 1413 momenti
774 1344 977 1413 fuisse
1021 1345 1239 1412 multis
1288 1352 1613 1411 oratorum
1659 1345 1824 1411 locis
1871 1343 2294 1427 edocemur.⁴)
2387 1345 2601 1429 Atque
2627 1364 2699 1410 re
2725 1365 2890 1411 vera

423 1453 588 1519 haec
633 1473 738 1520 res
785 1459 919 1519 tam
966 1451 1186 1536 gravis
1234 1472 1382 1518 esse
1427 1451 1788 1537 videbatur,
1820 1458 1907 1517 ut
1950 1452 2359 1538 praetoribus
2404 1452 2633 1517 liceret
2668 1450 2762 1543 de·
2796 1451 2887 1517 iis

426 1560 687 1627 comitia
733 1579 1109 1627 convocare.
1120 1557 1167 1637 ⁵)
1274 1560 1725 1627 Trierarchiae
1784 1559 1956 1626 enim
2009 1559 2275 1643 liturgia
2332 1558 2419 1624 ad
2468 1558 2538 1623 id
2584 1559 2890 1625 instituta

428 1674 585 1752 erat,
620 1675 691 1731 ut
736 1667 907 1735 bello
954 1667 1099 1733 usui
1147 1666 1419 1748 esset3⁶)
1465 1665 1917 1752 expeditiones
1964 1673 2182 1732 autem
2224 1666 2498 1732 navales
2526 1666 2593 1730 in
2620 1666 2893 1749 longum

425 1782 681 1859 tempus
738 1773 990 1842 extrahi
1047 1780 1345 1858 possent,
1399 1775 1526 1840 nisi
1591 1774 1931 1840 trierarchi
1991 1794 2255 1840 munere
2318 1772 2890 1858 perfungerentur:

428 1881 582 1948 talis
641 1881 839 1966 igitur
913 1880 1114 1946 officii
1176 1879 1568 1946 levationem
1631 1881 1792 1946 nulli
1856 1880 2166 1965 locupleti
2228 1881 2354 1945 civi
2409 1880 2690 1966 populus
2738 1900 2892 1945 con·

429 1986 663 2055 cedere
708 1987 938 2073 potuit.
1033 1988 1200 2055 Nam
1248 2007 1395 2053 cum
1437 1988 1506 2053 in
1551 1988 1702 2054 aliis
1749 1994 1886 2053 tum
1940 1987 2010 2055 in
2064 1988 2180 2052 illa
2238 1988 2644 2054 institutione
2703 1986 2890 2054 salus

428 2095 526 2162 rei
568 2093 871 2179 publicae
916 2095 1134 2178 posita
1180 2092 1330 2178 fuit,
1388 2114 1591 2177 quare
1643 2094 2000 2161 trierarcho
2056 2096 2306 2160 muneri
2370 2091 2893 2160 administrando

430 2202 661 2286 impari
715 2201 910 2269 venia
975 2199 1230 2267 demum
1295 2199 1455 2266 data
1517 2202 1922 2285 rogationem
1987 2201 2157 2269 ferre
2220 2202 2485 2268 licuisse
2541 2201 2755 2285 dicas,
2818 2208 2897 2266 ut

428 2308 735 2391 liturgiae
791 2307 1088 2373 immunis
1134 2307 1336 2391 fieret,
1398 2306 1595 2391 idque
1650 2329 1779 2373 non
1826 2316 1961 2374 tam
2008 2308 2180 2393 quod
2228 2314 2294 2375 τὸ
2340 2317 2531 2375 κοινόν
2576 2309 2898 2374 iacturam

429 2414 692 2498 faceret,
738 2435 935 2498 quam
978 2414 1155 2498 quod
1197 2435 1302 2481 res
1349 2414 1612 2498 publica
1677 2416 1825 2501 ipsa
1881 2416 1950 2482 in
2011 2417 2368 2501 periculum
2433 2415 2897 2482 adduceretur.

433 2521 568 2590 Sed
637 2520 707 2586 id
782 2520 925 2586 fieri
1005 2540 1134 2589 non
1214 2521 1454 2607 potuit,
1537 2530 1884 2608 propterea
1968 2522 2143 2606 quod
2222 2522 2545 2608 prioribus
2630 2521 2895 2606 quidem

431 2629 828 2715 temporibus
875 2627 1045 2695 alius
1092 2628 1237 2712 quis
1283 2629 1459 2696 illius
1514 2629 1658 2696 loco
1722 2629 2142 2696 trierarchiae
2198 2649 2460 2696 munere
2516 2629 2898 2713 fungeretur

430 2755 706 2803 necesse
740 2734 881 2814 fuit,
920 2736 1386 2819 posterioribus
1430 2744 1666 2816 autem,
1699 2757 1843 2802 cum
1873 2738 2262 2822 symmoriae
2288 2736 2624 2802 institutae
2654 2743 2900 2821 essent,

432 2844 676 2909 treceni
747 2843 1243 2928 locupletissimi
1318 2845 1494 2911 cives
1571 2851 1863 2929 sumptus
1936 2845 2004 2909 in
2078 2844 2499 2911 trierarchiae
2562 2844 2896 2927 liturgiam

432 2950 741 3016 fecerunt.
833 2948 1050 3027 Quare
1097 2970 1179 3016 ne
1226 2970 1307 3016 ea
1355 2949 1614 3034 quidem
1663 2970 1866 3017 causa
1927 2950 2226 3017 sufficere
2271 2949 2556 3033 videtur3
2616 2949 2732 3017 sed
2787 2970 2901 3017 res

436 3058 566 3122 alio
611 3056 804 3122 modo
853 3056 1198 3123 tractanda
1244 3064 1363 3124 est.
2454 3056 2457 3058 ’

612 3163 843 3247 Itaque
892 3162 977 3230 de
1022 3166 1292 3249 ratione,
1323 3185 1451 3248 qua
1481 3165 1821 3231 trierarchi
1848 3164 2180 3248 liturgiam
2206 3165 2650 3250 praestabant,
2681 3183 2904 3250 pauca

437 3269 837 3337 disseramus
886 3277 1157 3357 oportet,
1205 3291 1330 3356 quo
1379 3270 1583 3351 facto,
1631 3292 1783 3337 num
1832 3269 2092 3357 quando
2139 3270 2304 3336 haec
2333 3270 2508 3337 ἄδεια
2547 3269 2901 3337 statuenda

437 3378 539 3462 sit,
587 3384 652 3444 et
698 3397 867 3461 quae
915 3398 1116 3455 causa
1165 3376 1368 3452 ἀδείας
1417 3376 1676 3445 dandae
1723 3377 1932 3462 fuerit,
1979 3378 2180 3444 multo
2227 3376 2488 3444 facilius
2536 3378 2903 3464 apparebit.

436 3485 594 3552 Tria
622 3485 821 3568 igitur
848 3485 1157 3571 temporis
1188 3486 1409 3570 spatia
1435 3484 1899 3569 distinguenda
1934 3491 2098 3552 sunt.
2155 3485 2369 3569 Atque
2395 3485 2603 3570 primo
2634 3483 2902 3568 quidem

437 3592 780 3673 quotannis
837 3613 874 3659 e
918 3591 1448 3677 locupletissimis
1505 3592 1755 3659 civibus
1803 3592 2263 3677 quadringenti
2322 3591 2660 3659 trierarchi
2709 3592 2906 3657 electi

439 3699 670 3779 sunt.⁷)
762 3699 1048 3783 Cumque
1102 3719 1290 3764 nemo
1351 3721 1470 3784 per
1534 3697 1806 3765 duorum
1870 3700 2347 3783 insequentium
2410 3719 2724 3764 annorum
2790 3698 2900 3764 de-

440 3824 694 3870 cursum
740 3806 885 3889 cogi
945 3814 1169 3892 posset
1221 3806 1344 3872 hoc
1401 3826 1629 3873 munus
1684 3804 2107 3892 praestare‚⁸)
2165 3826 2220 3874 c.
2281 3805 2658 3889 octingenos
2721 3804 2905 3871 cives

623 3962 664 4033 ι)
701 3965 766 4019 cf.
806 3966 962 4020 Dem.
998 3967 1101 4020 XX
1138 3967 1224 4020 25.

621 4052 664 4122 ²)
700 4055 761 4107 in
798 4072 1032 4123 quorum
1067 4072 1294 4111 numero
1332 4056 1505 4111 etiam
1543 4056 1756 4131 multae
1795 4059 1949 4119 sunt;
1997 4074 2050 4109 v.
2087 4055 2235 4109 infra
2272 4073 2312 4109 s.
2352 4055 2455 4109 IIa
2491 4055 2526 4107 2
2562 4072 2604 4108 s.
2642 4055 2681 4109 f.

619 4141 663 4210 ⁸)
701 4146 766 4198 ut
801 4147 993 4213 postea
1030 4143 1523 4209 demonstrabitur3
1561 4163 1613 4198 v.
1651 4144 1800 4198 infra
1837 4163 1878 4198 s.
1917 4143 1971 4198 ΙΙ
1983 4162 2032 4198 a.

617 4230 664 4300 ⁴)
701 4232 768 4287 cf.
817 4233 970 4287 Dem.
1018 4233 1199 4288 XXIV
1237 4234 1324 4288 91.
1373 4262 1439 4272 —
1489 4235 1568 4289 De
1613 4234 1943 4289 trierarchia
1986 4233 2134 4288 idem
2181 4232 2472 4288 dicendum
2520 4234 2605 4286 est
2650 4232 2798 4301 quod
2834 4232 2910 4287 de

436 4317 667 4392 εἰσφορᾷς
720 4321 785 4376 cf.
824 4322 984 4377 Isocr.
1023 4323 1157 4376 VIII
1196 4323 1280 4376 12.

619 4409 663 4478 ⁶)
700 4411 769 4467 cf.
808 4410 1179 4467 Schoemann:
1223 4411 1322 4467 »de
1360 4429 1496 4467 com.
1535 4412 1700 4467 Ath.‹
1740 4430 1797 4481 p.
1835 4413 1959 4467 314.

617 4499 666 4567 ⁶)
705 4500 849 4555 sicut
886 4497 1106 4570 εἰσφορά,
1145 4518 1384 4569 quacum
1421 4500 1811 4556 trierarchiam
1849 4500 2139 4570 coniungit
2175 4517 2219 4555 e.
2261 4517 2305 4554 c.
2354 4499 2514 4555 Isocr.
2542 4499 2677 4553 VIII
2700 4499 2781 4553 12.
2812 4499 2906 4552 20.

619 4587 669 4657 ⁷)
705 4590 773 4645 cf.
811 4590 1076 4645 Ps.-Xen.
1123 4590 1191 4645 de
1234 4607 1350 4660 rep.
1393 4587 1528 4645 Ath.
1565 4590 1648 4645 III
1682 4591 1746 4655 4;
1784 4590 1979 4645 Busolt
2016 4590 2048 4656 ξ
2094 4591 2198 4644 223
2235 4608 2288 4659 p.
2330 4589 2450 4655 197,
2486 4589 2539 4643 4.

619 4677 667 4747 ⁸)
706 4680 774 4734 cf.
813 4680 1029 4734 Gilbert
1065 4680 1092 4733 Ι
1127 4698 1182 4749 p.
1219 4680 1344 4733 351.
