3567 5392
1871 428 2224 523 „¹4-,-

778 619 931 685 aliis
994 619 1419 705 periculosior
1484 627 1675 697 esset,
1742 619 1860 686 sed
1926 619 2100 703 quod
2163 619 2338 706 plebi
2402 619 2615 704 magis
2671 618 3064 706 displiceret.
3156 620 3247 686 Et

780 746 941 792 sane
1003 726 1170 791 iram
1223 725 1448 811 populi
1503 727 1783 793 maxime
1838 726 1925 792 ad
1980 726 2494 812 potentissimum
2547 746 2866 810 quemque
2911 727 3244 813 pertinere

783 833 1147 900 Clisthenes
1201 854 1330 899 non
1386 833 1734 918 ignoravit,
1802 833 1920 901 sed
1975 831 2045 899 id
2109 834 2170 900 ei
2228 833 2469 900 nullius
2531 834 2835 900 momenti
2898 834 3036 902 fuit.
3148 833 3244 900 Ut

780 940 977 1023 igitur
1021 941 1249 1026 paucis
1294 940 1513 1007 verbis
1558 961 1694 1007 rem
1733 939 2385 1026 comprehendamus:
2420 940 2839 1007 ostracismus
2865 939 3028 1006 nihil
3055 938 3244 1007 aliud

778 1054 883 1114 est
926 1068 1123 1132 quam
1175 1047 1604 1135 ἐπιχειροτονία
1658 1047 2184 1132 demagogorum.
2275 1048 2483 1114 Fictio
2541 1048 2760 1132 utique
2815 1067 2896 1114 ea
2952 1053 3119 1132 erat,
3167 1054 3246 1113 nt

779 1155 1060 1242 populus
1089 1154 1573 1220 Atheniensium
1617 1174 1734 1239 per
1779 1155 2227 1221 ostracisrnum
2275 1174 2389 1221 eos
2435 1155 2503 1219 in
2550 1154 2813 1221 exilium
2859 1153 3239 1240 expelleret,

778 1282 825 1326 a
897 1262 1128 1346 quibus
1192 1261 1474 1328 libertati
1538 1261 1822 1327 civitatis
1887 1262 2245 1347 periculum
2307 1261 2641 1328 imminere
2697 1259 3043 1328 videretur.
3151 1261 3245 1327 Et

782 1368 1056 1435 simulac
1108 1369 1388 1454 populus
1445 1367 1890 1434 ostracismum
1947 1367 2250 1452 decrevit,
2298 1367 2529 1434 eodem
2573 1374 2862 1452 tempore
2908 1367 2986 1446 is,
3045 1387 3246 1451 quem

778 1475 1059 1561 populus
1088 1475 1566 1559 designaverat,
1595 1487 1671 1562 τῇ
1704 1478 1971 1560 πολιτείᾳ
2000 1477 2347 1560 putabatur
2373 1474 2777 1560 periculosus
2807 1473 3005 1557 idque
3038 1474 3240 1542 exilio

782 1582 1008 1649 decem
1063 1603 1375 1649 annorum
1421 1583 1611 1666 quasi
1658 1582 1985 1668 expiabat.
2042 1582 2236 1666 Atqui
2284 1602 2397 1649 eos
2444 1582 2736 1647 homines
2781 1581 3061 1667 populus
3091 1582 3242 1667 ipse

781 1696 931 1756 ante
976 1689 1337 1774 legitimum
1381 1696 1634 1775 tempus
1681 1710 1810 1754 non
1855 1708 2002 1754 raro
2048 1689 2379 1754 revocavit
2425 1696 2600 1754 certo
2649 1687 2931 1772 quodam
2959 1688 3238 1754 consilio

776 1804 1150 1863 commotus.
1199 1796 1774 1862 Considerantibus
1806 1797 1975 1862 enim
2001 1796 2188 1862 nobis
2221 1815 2336 1862 eas
2365 1795 2812 1862 revocationes
2841 1795 2909 1861 in
2935 1794 3240 1860 maximis

778 1910 1029 1970 tantum
1082 1903 1390 1988 periculis
1447 1902 2051 1987 discriminibusque
2105 1902 2201 1968 rei
2253 1902 2554 1987 publicae
2616 1939 2696 1951 —
2754 1902 2856 1968 cui
2910 1901 3239 1987 Aristidis,

778 2010 1159 2096 Alcibiadis,
1205 2010 1481 2076 aliorum
1525 2030 1654 2076 non
1708 2010 1775 2075 in
1831 2017 2111 2076 mentem
2163 2010 2380 2075 venit?
2427 2046 2514 2058 —
2562 2009 2772 2076 factas
2819 2029 2992 2093 esse,
3039 2008 3242 2075 facile

777 2118 1175 2203 intellegitur
1200 2118 1445 2204 publici
1475 2118 1886 2184 emolumenti
1925 2137 2128 2184 causa
2174 2137 2288 2184 eos
2333 2124 2670 2183 revocatos
2718 2136 2883 2185 esse.
2940 2117 3242 2199 Namque

775 2245 923 2291 cum
978 2231 1184 2293 status
1241 2231 1304 2291 et
1350 2224 1527 2291 salus
1573 2224 1667 2291 rei
1715 2224 2018 2310 publicae
2072 2225 2139 2289 in
2196 2244 2480 2290 summas
2545 2224 2883 2308 angustias
2948 2222 3239 2289 adducta

780 2351 927 2399 esse
989 2331 1380 2416 viderentur,
1444 2331 2001 2417 praeclarissimos
2065 2331 2257 2416 viros,
2323 2332 2618 2414 quamvis
2679 2331 3082 2416 periculosos
3138 2329 3238 2396 rei

776 2439 1097 2523 publicae,
1162 2458 1469 2505 revocare
1532 2440 1812 2523 populus
1875 2438 2195 2522 maluit;¹)
2260 2438 2540 2505 confisus
2603 2439 2803 2522 igitur
2859 2437 3008 2504 illos
3071 2436 3238 2502 nihil

778 2545 959 2610 aliud
996 2566 1192 2629 quam
1235 2546 1489 2630 patriae
1538 2546 1905 2611 libertatem
1941 2544 2381 2612 vindicaturos
2417 2546 2694 2631 populus
2745 2543 3236 2612 Atheniensium

777 2652 1157 2718 exduobus
1205 2653 1393 2720 malis
1440 2653 1652 2720 minus
1700 2652 1915 2736 elegit.
2009 2653 2141 2718 Sed
2187 2652 2359 2736 quod
2405 2653 2629 2738 populi
2673 2653 2992 2736 voluntas,
3039 2671 3236 2735 quam

777 2760 845 2824 in
906 2760 1189 2825 maximo
1254 2759 1705 2826 declaraverat
1769 2760 2121 2845 comitiam,
2185 2761 2566 2844 neglegitur,
2630 2761 2851 2843 itaque
2904 2763 2970 2826 τὸ
3033 2762 3233 2844 κὺριον

772 2867 1054 2933 violatur
1110 2873 1174 2933 et
1232 2888 1335 2933 res
1381 2868 1642 2952 publica
1700 2866 2013 2933 audacter
2068 2868 2134 2932 in
2187 2867 2544 2951 periculum
2596 2872 2888 2951 vocatur,
2943 2864 3235 2949 rogatori

775 2975 953 3040 ἄδεια
998 2974 1406 3058 impetranda
1463 2980 1581 3041 est.
1676 2972 1883 3058 Quod,
1940 2974 2193 3040 etiamsi
2241 2974 2432 3040 certis
2498 2980 2786 3040 veterum
2850 2973 3233 3058 scriptorum

778 3081 1166 3147 testimoniis
1242 3101 1370 3146 non
1444 3080 1820 3165 affirmatur,
1893 3087 2112 3146 tamen
2184 3100 2300 3165 pro
2375 3087 2550 3146 certo
2625 3080 3037 3147 statuendum
3110 3086 3229 3147 est.

777 3186 1187 3271 Quamquam
1214 3188 1494 3253 Valeton
1540 3186 1709 3252 hanc
1757 3188 2138 3253 sententiam
2166 3188 2369 3253 reicit.
2423 3188 2602 3254 Dicit
2631 3189 2800 3254 enim
2827 3187 3230 3272 rogationem

775 3316 904 3360 non
970 3294 1325 3379 legitimam
1385 3315 1532 3360 eam
1579 3293 1841 3378 quidem
1893 3294 2121 3379 fuisse,
2180 3293 2300 3360 sed
2353 3301 2562 3359 ratum
2618 3294 2856 3359 facturn
2916 3314 3063 3360 esse
3116 3315 3229 3379 po-

774 3402 1171 3487 puliscitum,
1233 3403 1425 3487 „quia
1481 3423 1670 3468 nemo
1728 3401 1976 3481 fuisset,
2036 3403 2147 3487 qui
2193 3408 2565 3490 παρανομίαν
2610 3400 3227 3489 persequeretur.“²)

778 3509 1028 3576 Tamen
1074 3509 1203 3599 iam
1251 3530 1332 3575 ex
1379 3529 1475 3588 eo,
1527 3509 1697 3593 quod
1745 3530 1875 3574 non
1920 3530 2066 3575 raro
2115 3509 2560 3576 revocationes
2616 3509 2825 3575 factas
2879 3509 3230 3575 memoriae

776 3616 1102 3700 proditum
1139 3616 1316 3700 est3),
1361 3623 1588 3700 patere
1632 3615 1888 3681 videtur
1935 3616 2251 3682 eiusmodi
2297 3617 2669 3700 rogationes
2718 3616 2936 3699 (venia
2983 3616 3236 3683 scilicet

778 3725 1117 3804 concessa)
1167 3722 1255 3788 ad
1300 3723 1607 3808 populum
1653 3721 1821 3789 ferre
1868 3723 2147 3790 licuisse.
2239 3724 2467 3808 Atque,
2514 3730 2585 3789 ut
2631 3744 2754 3808 ego
2803 3724 3046 3809 opinor,
3075 3743 3233 3788 nun-

776 3851 974 3914 quam
1017 3830 1227 3916 potuit
1280 3829 1437 3916 fieri,
1496 3831 1651 3914 quin
1707 3831 1939 3896 civitas
1993 3830 2482 3897 Atheniensium
2536 3831 2710 3896 omni
2774 3838 3062 3915 tempore
3125 3850 3231 3895 ac·

776 3944 1142 4003 cusatorum
1197 3937 1386 4022 copia
1434 3936 1773 4003 abundans
1821 3959 1861 4002 a
1908 3938 2316 4022 rogatoribus
2353 3938 2639 4004 rationes
2668 3938 3075 4022 rogationum
3103 3957 3234 4002 non

776 4045 1065 4128 legitime
1129 4044 1404 4109 latarum
1471 4052 1857 4129 reposceret.
1965 4046 2077 4130 At,
2140 4045 2420 4130 inquies,
2485 4045 2619 4111 tale
2683 4043 2839 4130 quid
2901 4065 3233 4128 nunquam

778 4151 1019 4217 factum
1067 4172 1213 4217 esse
1258 4172 1386 4216 non
1435 4157 1609 4217 certo
1655 4172 1999 4236 possumus
2048 4152 2232 4230 scire,
2283 4172 2426 4218 cum
2474 4152 2821 4237 scriptores
2853 4153 3074 4218 nescio
3104 4172 3231 4235 quo

779 4277 938 4324 casu
985 4257 1066 4322 de
1111 4258 1237 4324 hac
1281 4279 1351 4324 re
1397 4257 1557 4323 nihil
1604 4256 2004 4325 tradiderint.
2097 4258 2417 4326 Concedo.
2510 4266 2745 4325 Verum
2789 4259 2884 4325 rei
2929 4259 3234 4344 publicae

961 4435 1007 4504 ¹)
1046 4438 1113 4490 of.
1152 4435 1300 4490 Plut.
1338 4435 1565 4490 Aristid.
1608 4436 1735 4489 VIII
1747 4459 1760 4501 ;
1810 4436 1946 4491 Cim.
1984 4437 2159 4493 XVII.

959 4524 1006 4592 2)
1046 4524 1112 4579 cf.
1150 4526 1410 4579 MnemoS.
1451 4525 1486 4578 1.
1526 4525 1562 4580 1.
1600 4544 1652 4595 p.
1698 4528 1756 4580 11
1802 4526 1927 4580 adn.
1967 4529 2015 4581 3.

961 4613 1004 4682 ⁸)
1042 4615 1108 4668 of.
1148 4614 1728 4683 Mueller-Struebing:
1772 4616 1969 4670 »Arist
2009 4635 2060 4669 u.
2099 4616 2150 4670 d.
2189 4616 2317 4670 hist.
2357 4616 2532 4671 Kritz«
2573 4634 2624 4685 p.
2666 4617 2787 4672 313.
