3567 5392
1813 400 1939 469 148

655 599 935 667 civitatis
983 598 1248 664 donatio
1297 618 1414 664 sex
1458 597 1703 663 milium
1749 598 1987 663 civium
2033 596 2362 679 suffragiis
2410 596 2788 662 confirmata
2835 595 2937 680 sit,
2974 615 3101 660 non

656 707 957 789 dubito.¹)
1049 705 1125 771 In
1171 706 1309 771 foro
1356 705 1553 789 igitur
1598 705 1859 770 comitia
1903 704 2020 769 illa
2065 705 2338 789 fuerunt,
2395 703 2462 768 in
2509 703 2740 787 quibus
2786 710 3100 789 prytanes

652 814 813 879 nihil
869 812 1050 879 aliud
1102 813 1230 879 nisi
1284 812 1593 898 populum
1646 812 1714 876 in
1769 811 2147 895 suffragium
2203 811 2542 892 miserunt3
2607 810 2829 876 contio·
2886 816 3103 876 autem

654 921 1072 1008 praecedenS,
1117 921 1184 984 in
1231 940 1360 1003 qua
1403 920 1683 1005 populus
1727 919 2139 1005 peregrinum
2195 918 2477 1001 aliquem
2533 917 2797 983 civitate
2858 916 3101 982 donan-

656 1028 808 1094 dum
864 1047 1009 1093 esse
1067 1025 1379 1110 decrevit,
1434 1024 1624 1091 modo
1678 1026 1745 1090 in
1801 1027 2048 1110 Pnyce‚
2111 1024 2333 1093 modo.
2362 1024 2427 1090 in
2483 1024 2745 1108 Piraeo,
2800 1023 2990 1089 modo
3036 1025 3103 1088 in

653 1136 906 1201 theatro
952 1133 1178 1199 habita
1224 1140 1341 1199 est.
1414 1132 1610 1198 Velut
1655 1133 1986 1219 ἐκκλησίαν
2034 1131 2380 1220 ὲμΠειραιεῐ
2426 1131 2753 1197 civitatem
2801 1130 3105 1196 tribuisse

655 1243 879 1307 titulus
948 1241 1134 1325 [CIA.
1200 1241 1264 1303 II
1316 1240 1470 1322 401]
1547 1239 1764 1324 docet,
1838 1238 1957 1306 sed
2019 1239 2089 1303 id
2154 1238 2480 1304 decretum
2548 1237 2830 1303 nondum
2894 1245 3105 1303 ratum

657 1350 859 1415 fuisse
904 1349 1120 1432 verba,
1168 1367 1334 1430 quae
1382 1353 1750 1431 sequuntur,
1798 1352 2021 1432 aperte
2069 1345 2593 1432 demonstrant.²)
3057 1367 3061 1371 ’

833 1563 973 1626 Iam
1011 1561 1311 1626 absoluta
1348 1561 1728 1645 quaestione
1768 1560 1851 1626 de
1897 1561 2105 1634 ἀδείας
2152 1560 2434 1627 dationis
2472 1559 2664 1625 modo
2704 1560 2982 1625 actionis
3013 1565 3104 1624 te·
3136 1638 3140 1642 Α

656 1690 876 1735 norem
922 1669 1150 1754 paucis
1206 1676 1498 1753 repetere
1544 1667 1762 1751 liceatz,
1799 1675 1997 1751 utque
2034 1688 2140 1733 res
2178 1668 2413 1734 clarior
2448 1667 2582 1752 fiat,
2626 1667 2923 1752 exemplo
2961 1673 3108 1732 utar

638 1783 755 1861 eo,
778 1777 859 1843 de
888 1796 1012 1860 quo
1041 1776 1513 1841 Demosthenes
1547 1774 1875 1859 copiosius
1906 1775 2056 1860 egit,
2079 1774 2436 1840 debitorum
2464 1774 2911 1860 remissionem
2942 1772 3106 1839 dico.

836 1882 910 1948 In
976 1883 1198 1966 aliqua
1261 1888 1565 1965 quattuor
1628 1882 1969 1967 prytaniae
2034 1882 2346 1966 cuiusque
2412 1881 2780 1947 contionum
2852 1880 3106 1946 ordina-

658 1992 897 2057 riarum
962 1989 1239 2055 debitori
1304 1989 1565 2073 aerarii,
1646 1997 1989 2073 postquam
2054 1990 2118 2053 in
2185 1989 2323 2054 foro
2388 1995 2502 2053 aut
2564 1988 2930 2054 Munichiae
2996 1994 3109 2053 aut

660 2100 809 2164 aliis
885 2097 1049 2163 locis
1126 2096 1332 2161 sacris
1409 2096 1686 2180 supplex
1765 2095 1979 2161 factus
2055 2102 2375 2180 senatum,
2459 2102 2529 2161 ut
2600 2097 2668 2159 in
2746 2096 3110 2161 contionem

658 2205 1150 2292 produceretur,
1202 2202 1437 2283 oravit,
1485 2204 1745 2287 impune
1793 2222 2026 2286 rogare
2072 2202 2250 2288 licet,
2306 2209 2377 2267 ut
2423 2203 2489 2266 in
2545 2202 2843 2269 contione
2900 2209 3108 2268 extra-

661 2311 993 2379 ordinaria
1040 2311 1122 2376 de
1168 2309 1400 2376 veniae
1446 2309 1721 2396 rogandi
1769 2309 2036 2376 datione
2084 2317 2335 2394 agatur.
2386 2309 2641 2375 Deinde
2671 2319 2937 2377 senatus
2966 2329 3108 2395 pro-

661 2421 1032 2486 buleumate
1079 2418 1368 2503 perlecto
1425 2417 2031 2503 disceptationeque
2087 2417 2263 2483 facta
2318 2425 2628 2502 prytanes
2683 2417 2988 2502 populum
3041 2414 3109 2482 in

662 2526 1044 2610 suffragium
1088 2525 1366 2591 mittunt.
1467 2522 1716 2600 Quodsi
1770 2524 2050 2610 populus
2109 2525 2626 2589 extraordinaria
2681 2525 2942 2590 comitia
2997 2523 3110 2589 ha-

659 2635 797 2700 beri
843 2633 1051 2717 iussit,
1081 2632 1428 2697 constituto
1474 2638 1780 2716 tempore,
1817 2630 2194 2716 plerumque
2238 2632 2306 2695 in
2344 2631 2700 2716 proxima3)
2732 2632 3108 2715 contione‚⁴)

659 2747 970 2827 prytanes
1016 2745 1497 2825 programmate
1543 2737 1953 2823 promulgato
2012 2738 2321 2824 populum
2376 2745 2561 2803 extra
2618 2737 2906 2804 ordinem
2964 2758 3109 2803 con-

660 2854 914 2932 vocant,
961 2847 1029 2911 in
1075 2847 1307 2930 quibus
1356 2845 1634 2910 comitiis
1680 2844 2171 2931 probuleumate
2219 2852 2484 2911 senatus
2532 2844 2618 2910 ad
2647 2839 2957 2931 populum
2981 2866 3111 2910 non

662 2955 881 3020 delato
939 2975 1059 3019 nec
1118 2952 1695 3044 deliberationibus
1751 2952 1994 3020 habitis
2050 2952 2209 3017 nihil
2268 2952 2447 3017 aliud
2505 2952 2634 3018 nisi
2687 2953 2943 3018 veniam
2998 2942 3111 3018 aut

662 3064 904 3145 irroget
949 3061 1061 3126 ille
1118 3067 1230 3125 aut
1286 3060 1585 3144 deneget.
1681 3059 1870 3137 Quae
1927 3060 2188 3126 comitia
2248 3060 2545 3129 sollemni
2603 3059 2795 3125 modo
2847 3061 2915 3124 in
2970 3060 3109 3125 foro

662 3170 839 3235 facta
887 3176 1050 3254 sunt,
1099 3167 1209 3232 ubi
1256 3169 1534 3253 populus
1579 3169 1919 3234 universus
1966 3167 2250 3232 tributim
2297 3171 2481 3249 (κατὰ
2510 3171 2719 3257 φυλάς)
2758 3174 2824 3231 et
2861 3166 3111 3232 occulto

662 3277 979 3364 (κρὺβδην)
1038 3274 1305 3340 calculis
1365 3273 1698 3364 (ψήφοις)5>
1764 3273 2142 3358 suffragium
2204 3275 2349 3359 init,
2411 3275 2514 3339 cui
2577 3275 2670 3341 rei
2736 3274 3110 3359 prytanesss)

853 3454 889 3520 ι)
928 3454 1007 3510 Of.
1046 3454 1313 3508 Valeton:
1351 3455 1612 3510 Mnemos.
1650 3472 1705 3509 n.
1743 3473 1784 3510 s.
1827 3454 1928 3509 XV
1963 3473 2015 3523 p.
2053 3455 2121 3507 25
2161 3472 2241 3522 sq.

846 3543 895 3612 ²)
933 3543 1311 3610 Domitiorum,
1351 3561 1494 3612 quae
1530 3543 1603 3598 ad
1638 3544 2067 3598 confirmandam
2103 3545 2202 3597 aut
2239 3543 2642 3611 antiquandam
2687 3542 2934 3596 civitatis
2970 3541 3110 3597 dati-

663 3652 823 3688 onem
861 3633 1059 3688 habita
1094 3636 1242 3696 sunt,
1278 3633 1505 3687 tabulae
1540 3650 1652 3686 non
1688 3636 1884 3688 extant
1894 3654 1908 3698 3
1945 3651 1998 3689 v.
2034 3650 2202 3702 supra
2237 3651 2291 3701 p.
2331 3633 2436 3686 140
2471 3632 2597 3688 adn.
2638 3633 2686 3685 7.

846 3721 894 3791 ⁸)
933 3723 1013 3776 De
1050 3720 1352 3776 constituto
1387 3721 1584 3775 horum
1621 3722 1970 3775 comitiorum
2005 3724 2251 3790 tempore
2295 3721 2356 3774 in
2401 3720 2647 3775 civitatis
2685 3721 2914 3775 decretis
2961 3721 3026 3775 cf.
3066 3739 3113 3777 e.

664 3832 708 3869 c.
748 3812 892 3867 OJA.
931 3811 1106 3876 1154,
1153 3810 1249 3864 ubi
1294 3810 1431 3864 haec
1475 3811 1761 3880 leguntur:
1813 3810 1908 3882 τὴν
1954 3807 2004 3860 δὲ
2049 3810 2219 3882 ψῆφον
2265 3807 2467 3864 δοῦναι.
2508 3851 2521 3864 .
2559 3851 2571 3864 .
2614 3852 2627 3865 .
2666 3807 2716 3859 ἐν
2761 3808 2871 3881 τῆ[ι
2916 3808 3115 3880 π]ρώτῃ

665 3899 913 3972 ἐκκλησίᾳ
951 3901 1060 3967 (vel
1097 3900 1157 3953 in
1195 3900 1321 3954 aliis
1357 3900 1543 3954 titulis
1578 3901 1740 3954 haec:
1779 3896 1850 3958 εἷς
1877 3899 1972 3971 τὴν
2001 3899 2202 3971 πρώτην
2240 3896 2560 3970 ὲκκλησίαν);
2591 3899 2666 3953 Ο]
2670 3900 2733 3953 Α.
2763 3898 2959 3954 11243.
2992 3900 3113 3953 272.

665 3993 796 4055 273;
834 3991 1054 4046 Hartel:
1099 3989 1318 4046 »stads
1359 4008 1412 4059 p.
1450 3990 1580 4054 2073
1620 3990 1844 4045 Szantox
1890 3990 2279 4045 »Untersuchs
2328 4007 2383 4058 p.
2421 3990 2487 4042 21
2527 4006 2646 4058 sqq.
2731 3989 2882 4042 Haec
2928 3990 3114 4042 autem

665 4083 860 4135 verba:
907 4080 1002 4150 τὴν
1039 4077 1089 4130 δὲ
1126 4079 1297 4149 ψῆφον
1336 4076 1503 4130 δοῦναι
1527 4077 1633 4129 κτλ.
1655 4080 1727 4133 ad
1763 4079 2256 4133 extraordinariam
2293 4079 2601 4133 contionem
2640 4078 2916 4147 pertinere
2952 4095 3116 4146 supra

668 4172 742 4239 (p.
782 4170 907 4234 141)
943 4168 1074 4222 dixi.
1109 4198 1179 4206 —
1213 4169 1465 4223 Ceterum
1499 4170 1635 4224 haec
1667 4186 1885 4237 quoque
1917 4186 2002 4222 res
2035 4168 2347 4222 hominibus
2380 4167 2570 4232 doctis,
2604 4167 2804 4235 quibus
2841 4166 3119 4221 sententia

668 4258 997 4312 Harteliana
1023 4259 1303 4326 probatur,
1332 4276 1596 4327 magnam
1624 4258 1783 4312 affert
1812 4257 2223 4320 difficultatem3
2250 4256 2317 4312 cf.
2343 4274 2387 4311 e.
2418 4275 2462 4312 c.
2493 4257 2692 4312 Szanto
2710 4257 2746 4311 l.
2767 4256 2804 4310 l.
2828 4257 2967 4325 p.·21
2997 4273 3115 4323 sqq.

851 4347 894 4412 ⁴)
931 4347 1020 4400 vel
1067 4347 1252 4414 potius
1300 4349 1431 4401 ante
1475 4348 1620 4401 hanc
1665 4347 1844 4416 ipsam
1889 4347 2224 4412 contionem,
2279 4347 2326 4400 si
2372 4346 2594 4414 quidem
2651 4363 2844 4400 senum
2898 4344 3117 4399 milium

670 4436 920 4506 suffragii
958 4436 1096 4490 latio
1133 4453 1243 4489 non
1281 4436 1533 4505 specialis
1571 4433 1821 4506 ἐκκλησία
1855 4436 1989 4500 fuit3
2026 4454 2077 4491 v,
2116 4454 2284 4505 supra
2320 4454 2372 4505 p.
2414 4436 2518 4489 138
2555 4435 2679 4490 adu.
2718 4435 2769 4488 2.

852 4525 897 4592 ⁶)
937 4526 1000 4578 In
1039 4526 1461 4594 ostracophoriis
1497 4528 1721 4581 tantum
1759 4528 1939 4581 testae
1976 4544 2011 4580 a
2047 4526 2250 4595 populo
2287 4526 2437 4579 latae
2473 4527 2620 4578 sunt.

850 4614 895 4683 ⁶)
934 4614 1368 4685 Ostracophoriis
1406 4615 1626 4684 quidem
1675 4633 1873 4670 novem
1910 4616 2197 4671 archontes
2234 4617 2292 4669 et
2328 4616 2603 4669 senatores
2640 4613 2906 4683 praefecti
2944 4615 3117 4679 erant,

668 4705 729 4760 id
764 4704 911 4776 quod
947 4704 1019 4760 ad
1055 4704 1158 4761 illa
1202 4707 1454 4776 tempora
1500 4706 1761 4779 quadrat,
1802 4707 2001 4777 quibus
2038 4705 2388 4763 ostracismus
2424 4704 2718 4760 institutus
2741 4708 2799 4760 et
2836 4703 3120 4760 adhibitus
