3567 5392
1937 393 2023 459 36

754 595 942 674 patre
972 586 1222 654 solvere
1248 587 1524 653 filiorum
1553 593 1670 673 est,
1712 586 1801 653 ad
1829 608 2009 674 quos,
2055 587 2181 654 nisi
2215 586 2542 672 solverint,
2589 587 2825 672 capitis
2856 585 3209 653 deminutio

757 694 1007 761 transit.
1020 693 1069 780 ¹)

935 800 1335 879 Quaerentes
1383 807 1617 887 autem,
1665 802 1985 885 quomodo
2034 801 2286 868 debitor
2333 800 2726 869 satisfecerit
2770 801 2865 869 rei
2910 803 3213 888 publicae

757 916 821 975 et
866 930 1087 976 rursus
1133 908 1401 998 ἐπίτιμος
1446 907 1660 975 factus
1707 908 1811 994 sit,
1858 916 2160 993 quattuor
2205 909 2599 995 reperiemus
2647 908 2921 994 species.

933 1088 993 1138 a.
1083 1070 1178 1135 Ac
1244 1070 1517 1156 primum
1582 1070 1859 1155 quidem,
1926 1070 1982 1136 si
2046 1068 2300 1136 debitor
2363 1090 2478 1136 aes
2535 1069 2818 1136 alienum
2881 1069 3213 1155 persolvit,

754 1197 989 1243 nomen
1018 1177 1157 1243 eius
1187 1198 1269 1243 ex
1298 1176 1539 1243 tabulis
1585 1176 1864 1263 publicis
1897 1177 2116 1243 statim
2146 1176 2551 1263 expungitur,
2564 1176 2612 1256 2)
2661 1183 2726 1242 et
2771 1176 2914 1263 ipse
2960 1197 3216 1242 rursum

757 1283 1026 1373 ἐπίτιμος
1069 1283 1158 1350 fit.

937 1446 1005 1510 b.
1096 1444 1552 1530 Praeterlapso
1615 1450 1835 1510 autem
1902 1464 1979 1510 eo
2043 1450 2349 1530 tempore,
2415 1450 2566 1530 post
2628 1442 2800 1527 quod
2863 1443 3009 1529 ipso
3074 1443 3215 1509 iure

757 1552 1111 1639 publicatio
1141 1550 1539 1619 instituenda
1567 1558 1685 1629 est,
1727 1551 1839 1617 uni
1871 1557 1985 1616 aut
2010 1551 2303 1636 pluribus
2314 1550 2365 1638 3)
2397 1549 2756 1637 mandatur,
2806 1549 3215 1640 ηᾶπογράφειν
3325 1559 3330 1565 ’

758 1664 837 1726 τὰ
880 1664 1224 1748 χρήματα,“
1278 1666 1347 1724 ut
1389 1657 1697 1725 videlicet
1740 1658 2027 1725 indicem
2072 1659 2381 1725 bonorum
2441 1658 2767 1736 faciant.⁴)
2857 1657 3113 1724 Deinde
3157 1657 3219 1722 οἱ

758 1770 1032 1856 πωληταί
1076 1767 1249 1832 bona
1293 1765 1659 1846 vendunt.⁵)
1754 1764 1900 1843 Qua
1955 1767 2022 1831 in
2078 1765 2455 1833 venditione
2510 1764 2833 1830 aerarium
2886 1766 3216 1851 publicum

760 1875 950 1959 quasi
994 1875 1097 1941 ius
1142 1874 1389 1960 primae
1436 1873 1712 1939 actionis
1761 1895 1844 1940 ex
1890 1872 2257 1958 hypotheca
2302 1873 2517 1939 habet.
2617 1873 2972 1957 Postquam
3018 1872 3218 1957 igitur

758 1981 856 2047 rei
907 1981 1207 2067 publicae
1261 1986 1522 2046 cautum
1580 1987 1680 2047 est
1745 1979 1829 2046 de
1875 1980 2171 2066 pecunia,
2237 1986 2372 2045 tum
2432 1978 2686 2045 demum
2733 1979 2930 2046 etiam
2975 1979 3218 2066 privati

759 2090 930 2155 bona
974 2088 1312 2174 repetendi
1367 2086 1744 2153 facultatem
1793 2087 2061 2171 habent3
2122 2087 2179 2153 si
2222 2107 2378 2153 vero
2423 2106 2531 2153 res
2586 2086 2848 2173 publica
2904 2089 3218 2154 bonorum

760 2196 1199 2282 publicatione
1248 2195 1598 2262 constituta
1643 2201 1847 2260 totam
1892 2216 2027 2261 rem
2073 2193 2455 2261 familiarem
2512 2193 2887 2279 vindicavit,
2941 2193 3217 2280 privatis

763 2303 1266 2368 controversiam
1296 2302 1380 2368 de
1407 2302 1594 2368 bonis
1639 2301 1992 2387 publicatis
2020 2300 2179 2368 fisco
2219 2321 2475 2367 movere
2520 2300 2690 2368 licet.
2702 2301 2752 2382 6)
2843 2299 3215 2368 Venditatis

761 2410 960 2492 igitur
1022 2409 1210 2476 bonis
1266 2430 1371 2475 res
1425 2408 1689 2494 publica
1745 2408 1872 2475 sibi
1929 2408 2267 2495 satisfecit.
2373 2407 2622 2486 Quodsi
2678 2410 2849 2475 bona
2904 2407 3214 2475 debitoris

760 2517 1092 2602 publicata
1151 2523 1217 2582 et
1270 2515 1535 2583 vendita
1579 2516 1727 2601 plus
1777 2514 2065 2583 efficiunt
2112 2536 2304 2599 quam
2351 2516 2637 2583 debitum
2684 2514 3099 2602 duplicatum,
3143 2515 3210 2580 id

763 2624 932 2708 quod
965 2623 1239 2709 excedit,
1288 2623 1580 2709 debitori,
1628 2630 1741 2689 aut
1769 2623 1901 2709 ipsi
1926 2630 2041 2689 aut
2070 2642 2148 2689 eo
2176 2629 2427 2689 mortuo
2457 2622 2823 2709 heredibuS,
2853 2643 2894 2688 a
2924 2629 3153 2690 senatu
3165 2622 3212 2701 ⁷)

760 2731 1068 2797 redditur.
1079 2732 1129 2812 ⁸)
1234 2731 1349 2796 Sin
1403 2730 1686 2798 venditis
1744 2729 2060 2798 debitoris
2128 2730 2316 2796 bonis
2369 2749 2517 2816 non,
2585 2736 2891 2814 quantum
2947 2728 3035 2795 ad
3090 2730 3212 2796 sol-

759 2837 1036 2905 vendum
1086 2838 1483 2924 duplicatum
1532 2838 1820 2904 debitum
1868 2838 2031 2904 satis
2080 2843 2197 2922 est,
2243 2839 2311 2903 in
2357 2838 2680 2903 aerarium
2709 2837 2918 2922 rediit,
2964 2836 3214 2904 debitor

766 2947 862 3011 rei
924 2945 1224 3032 publicae
1288 2945 1403 3010 ille
1463 2951 1682 3010 manet
1744 2942 2049 3029 idemque
2102 2943 2322 3033 ἄτιμος.
2336 2944 2386 3026 ⁹)
2497 2944 2796 3029 Denique
2851 2944 2909 3011 si
2964 2943 3213 3010 debitor

766 3051 929 3117 nihil
973 3053 1170 3118 habet
1213 3053 1542 3137 bonorum,
1597 3072 1766 3135 quae
1811 3051 2130 3137 publicari
2175 3052 2449 3137 possint,
2496 3052 2562 3117 in
2610 3072 2933 3118 carcerem
2979 3052 3212 3118 conici-

944 3248 990 3316 1)
1026 3248 1106 3303 Cf.
1132 3250 1286 3303 Dem.
1316 3248 1492 3302 XLIII
1510 3249 1607 3314 583
1640 3247 1840 3317 [Dem.]
1869 3248 1990 3302 LIX
2011 3249 2042 3302 7
2055 3270 2068 3314 3
2100 3248 2252 3304 Petit
2279 3248 2315 3304 l.
2350 3248 2386 3303 1.
2417 3249 2496 3304 IV
2527 3250 2577 3315 9,
2610 3250 2703 3314 153
2729 3248 2927 3304 Meier:
2963 3249 3060 3303 »de
3089 3250 3208 3303 bon.

760 3340 976 3393 damn«
1017 3355 1069 3407 p.
1112 3338 1240 3403 1413
1278 3337 1470 3393 Busolt
1506 3337 1543 3409 1.·
1581 3337 1618 3394 1.
1658 3339 1689 3400 ὅ
1733 3338 1832 3392 158
1870 3356 1925 3408 p.
1972 3339 2085 3393 143.

943 3427 985 3498 ²⁸)
1022 3428 1086 3481 In
1123 3427 1320 3497 lingua
1356 3428 1565 3483 Graeca
1601 3426 1833 3482 dicitur:
1872 3424 2169 3498 ὲξαλείφειν;
2210 3428 2276 3483 cf.
2316 3428 2519 3484 Andoc.
2560 3428 2627 3483 de
2663 3430 2827 3498 myst.
2868 3430 2962 3494 79;
3002 3426 3204 3495 [Dem.]

759 3518 938 3572 LVIH
958 3519 1043 3572 51.
1074 3517 1166 3582 52;
1205 3534 1417 3587 argum.
1456 3517 1529 3572 ad
1557 3515 1760 3586 [Dem.]
1801 3534 1875 3572 or.
1900 3517 2054 3571 XXV
2064 3540 2079 3584 ;
2116 3518 2206 3573 vel
2234 3514 2551 3587 ἀπαλείφειν;
2586 3516 2655 3572 cf.
2687 3515 2886 3585 [Dem.]
2918 3517 3090 3573 LVIlI
3121 3519 3211 3581 50;

759 3606 1004 3662 Boeckh:
1046 3606 1332 3662 »Seeurk.‹
1371 3606 1551 3662 XVIb
1595 3606 1693 3660 130
1730 3624 1782 3675 p.
1825 3607 1943 3662 535.

941 3695 990 3764 ⁸)
1027 3692 1258 3766 Ζητηταὶ
1293 3699 1791 3750 commemorantur
1825 3696 1974 3766 apud
2009 3696 2132 3765 Lys.
2160 3695 2288 3750 XXI
2322 3697 2413 3762 163
2452 3697 2605 3750 Dem.
2636 3695 2816 3750 XXIV
2849 3696 2942 3761 113
2980 3695 3047 3750 cf.
3078 3695 3214 3748 Har—

759 3804 901 3855 pocr.
941 3804 982 3839 S.
1018 3804 1071 3840 v.
1108 3782 1370 3856 ζητητής;
1407 3785 1566 3841 Phot.
1605 3803 1646 3839 s,
1683 3803 1736 3841 v.
1776 3783 2011 3856 ζητηταί.

941 3874 984 3943 4)
1022 3874 1090 3930 cf.
1127 3874 1298 3929 Meier
1336 3874 1373 3929 1.
1411 3874 1448 3928 1.
1488 3893 1542 3944 p.
1579 3874 1701 3928 201.

940 3961 990 4031 ⁶)
1027 3964 1095 4018 cf.
1139 3961 1341 4032 [Dem.]
1380 3963 1502 4018 LIX
1541 3964 1599 4029 73
1650 3964 1823 4020 Meier
1858 3982 1910 4034 p.
1950 3965 2082 4030 21ος
2130 3964 2349 4020 Gilbert
2383 3964 2411 4017 I
2447 3983 2502 4034 p.
2538 3966 2659 4030 227,
2700 3966 2760 4030 23
2808 3964 3003 4020 Busolt
3039 3966 3071 4032 ἓ
3108 3965 3214 4018 218

758 4072 812 4123 p.
857 4055 971 4109 192.
1008 4082 1080 4090 —
1116 4054 1198 4108 De
1233 4053 1501 4122 portione,
1541 4071 1683 4123 quae
1718 4053 1780 4107 in
1818 4053 2033 4109 aeraria
2067 4054 2292 4109 deorum
2328 4054 2561 4119 redibat,
2600 4055 2667 4110 cf.
2698 4055 2851 4108 Dem.
2883 4054 3064 4109 XXIV
3085 4054 3213 4119 1203

757 4143 894 4198 Xen.
932 4143 1000 4197 H.
1040 4143 1132 4198 Gr.
1170 4143 1198 4196 I
1236 4145 1284 4211 7,
1323 4144 1418 4210 203
1453 4143 1628 4207 Meier
1665 4161 1717 4213 p.
1756 4144 1880 4201 215.

940 4231 990 4300 ⁶)
1028 4233 1095 4287 cf.
1131 4232 1302 4288 Meier
1337 4234 1375 4288 1.
1412 4233 1451 4288 l.
1488 4251 1542 4302 p.
1581 4232 1689 4288 220
1701 4254 1716 4298 3
1754 4233 1983 4289 Platner
2017 4233 2055 4289 l.
2093 4233 2134 4289 l.
2172 4234 2230 4288 II
2267 4233 2354 4288 20.

941 4320 984 4387 ⁷)
1021 4322 1087 4377 cf.
1125 4323 1282 4379 Dem.
1319 4322 1415 4376 XL
1453 4322 1540 4377 20.

940 4410 983 4479 ⁸)
1021 4412 1089 4467 cf.
1127 4412 1283 4467 Dem.
1321 4412 1417 4466 XL
1454 4413 1539 4467 22.
1577 4411 1756 4466 XLIII
1794 4412 1889 4478 583
1936 4411 2131 4467 Meier:
2175 4411 2274 4468 »de
2310 4413 2434 4467 bon.
2472 4412 2689 4467 damus
2730 4429 2783 4481 p.
2828 4411 2953 4477 142;
3004 4410 3205 4466 Wach·

756 4504 929 4558 holtz:
1002 4502 1100 4557 »de
1163 4501 1283 4557 litis
1346 4501 1730 4556 instrumentis
1822 4501 1884 4556 in
1945 4502 2329 4557 Demosthenis
2385 4519 2527 4570 quae
2588 4502 2764 4557 fertur
2834 4500 3083 4556 oratione
3152 4500 3214 4553 in

754 4594 1159 4647 Macartatum‹
1201 4589 1334 4659 (Kil.
1378 4590 1535 4659 1878)
1572 4593 1603 4654 ἓ
1641 4591 1735 4657 22;
1780 4591 2017 4646 Heffter:
2060 4592 2195 4646 >Die
2231 4592 2421 4648 athen.
2460 4590 2881 4646 Gerichtsverf.«
2923 4609 2978 4660 p.
3017 4590 3139 4645 392.

939 4679 984 4750 ⁹)
1023 4682 1090 4735 cf.
1127 4680 1299 4735 Meier
1334 4680 1371 4734 1.
1410 4681 1446 4736 l.
1485 4698 1537 4749 p.
1582 4681 1697 4735 141.
