3567 5392
848 1271 950 1353 A.
1015 1267 1236 1350 Venia
1293 1273 1400 1348 ve!
1460 1267 1837 1367 impunitas
1897 1265 2193 1366 rogandi
2250 1285 2297 1347 a
2352 1265 2604 1366 populo
2663 1283 3046 1347 concessa.
3095 1330 3100 1334 .

896 1428 960 1495 I.
1007 1430 1350 1515 Populus
1417 1430 1487 1497 ei
1550 1429 1858 1496 veniam
1920 1429 2077 1501 dat.
2144 1429 2275 1514 qui
2337 1428 2749 1513 rogatione
2813 1448 3173 1495 summam

718 1543 1193 1623 potestatem
1260 1541 1374 1617 (τὸ
1419 1540 1695 1623 κὺριον)
1760 1537 2202 1604 violaturus
2267 1542 2415 1620 est,
2480 1535 2605 1621 vel,
2667 1541 2739 1601 ut
2800 1535 3172 1603 accuratius

717 1644 1104 1710 sententiam
1151 1665 1362 1710 meam
1419 1644 1762 1730 explicem:
1822 1643 2172 1727 impunitate
2229 1643 2470 1726 tonantii
2528 1662 2692 1728 opus
2738 1642 2877 1727 fuit,
2923 1642 2978 1709 si
3026 1643 3175 1726 quis

722 1751 1150 1836 impediturus
1199 1757 1391 1828 esset,
1441 1771 1523 1817 ne
1569 1751 1633 1835 ii,
1680 1770 1843 1835 quos
1890 1750 2170 1836 populus
2219 1751 2357 1818 sive
2404 1749 2785 1817 ostracismo
2831 1749 2899 1815 in
2944 1747 3171 1817 decem

722 1877 931 1925 annos
978 1859 1116 1924 sive
1165 1858 1433 1946 ἀειφυγίᾳ
1478 1858 1546 1922 in
1591 1865 1975 1944 perpetuum
1997 1858 2399 1942 relegasset,
2449 1857 2691 1942 exules,
2738 1863 2851 1923 aut
2896 1857 2962 1942 ii,
3009 1877 3174 1941 quos

726 1965 962 2050 capitis
1019 1963 1457 2032 deminutione
1510 1965 1879 2050 multasset,
1937 1965 2152 2050 capite
2208 1964 2517 2031 deminuti
2571 1970 2920 2031 manerent.
3039 1963 3171 2057 Sed

721 2072 979 2156 singula
1024 2072 1153 2137 iam
1199 2070 1556 2138 videamus.

902 2285 956 2348 l.
1004 2286 1161 2351 Eius
1211 2285 1418 2358 ἀδείας
1467 2285 1727 2370 speciei,
1786 2306 1980 2368 quam
2034 2286 2242 2371 primo
2296 2285 2440 2351 loco
2496 2291 2778 2351 tractare
2831 2284 2899 2351 in
2956 2284 3174 2351 animo

716 2393 947 2476 habeo,
991 2392 1304 2457 memoria
1348 2390 1542 2457 valde
1588 2391 1904 2458 lacunosa
1950 2398 2015 2457 et
2059 2412 2293 2458 manca
2338 2399 2456 2460 est.
2527 2391 2762 2476 Agitur
2815 2397 3032 2457 autem
3086 2390 3174 2458 de

715 2498 1117 2582 ostracismo,
1157 2518 1346 2581 quam
1388 2498 1725 2583 actionem,
1772 2506 2121 2582 antequam
2166 2520 2285 2565 nos
2332 2499 2419 2565 ad
2465 2499 2912 2583 quaestionem
2957 2498 3176 2583 ipsam

715 2613 1064 2690 vertamuS,
1112 2605 1477 2671 summatim
1525 2606 1846 2690 attingere
1891 2605 2161 2684 liceat.¹)

894 2730 1029 2796 Lex
1077 2730 1215 2814 fuit,
1261 2738 1348 2816 ut,
1398 2731 1454 2796 si
1494 2750 1682 2814 quem
1711 2732 1992 2817 populus
2020 2731 2505 2799 Atheniensium
2539 2730 2811 2797 occultis
2841 2728 3174 2813 suffragiis

717 2838 784 2903 in
831 2837 1111 2902 maximo
1160 2838 1492 2903 comitiatu
1537 2859 1656 2923 per
1702 2840 2151 2905 ostracismum
2198 2838 2587 2924 damnasset,
2634 2838 2691 2904 is
2737 2838 2908 2902 intra
2946 2835 3171 2904 decem

721 2945 863 3011 dies
921 2965 1001 3011 ex
1047 2944 1267 3010 Attica
1324 2944 1654 3010 exulatum
1710 2946 1921 3012 abiret
1972 2947 2038 3011 in
2097 2945 2322 3012 decem
2377 2943 2663 3033 annos.²)
2766 2943 2897 3010 Sed
2960 2963 3175 3026 neque

720 3051 956 3136 capitis
1031 3050 1384 3117 deminutio
1452 3051 1711 3139 (ἀτιμία)
1776 3073 1987 3137 neque
2060 3054 2371 3120 bonorum
2440 3052 2854 3141 publicatio³)
2929 3049 3174 3117 homini

716 3164 1024 3226 testarum
1102 3157 1432 3241 suffragiis
1507 3180 1543 3225 e
1608 3159 1874 3226 civitate
1950 3161 2157 3226 eiecto
2232 3160 2499 3242 accidit3
2582 3159 2926 3225 manifesto
3000 3157 3176 3225 enim

715 3266 1134 3333 ostracismus
1176 3286 1302 3331 non
1332 3265 1608 3332 actionis
1653 3266 1984 3335 iudicialis
2029 3267 2237 3333 instar
2282 3267 2719 3357 habebatur.‘¹)
2787 3267 2962 3331 Intra
3008 3263 3173 3331 illud

907 3444 947 3510 ί)
988 3446 1068 3499 De
1106 3444 1266 3498 modo
1302 3443 1467 3497 huius
1505 3444 1739 3499 actionis
1786 3445 2144 3500 instruendae
2188 3446 2373 3515 relego
2421 3445 2492 3498 ad
2538 3462 2626 3499 eos
2671 3444 2921 3500 homines
2967 3444 3175 3507 doctos,

716 3534 814 3603 qui
852 3536 1030 3587 totam
1067 3533 1360 3588 materiam
1397 3537 1812 3603 congesserunt:
1852 3535 2110 3603 Lugebil:
2153 3522 2289 3588 »mu
2339 3535 2389 3589 d.
2429 3535 2575 3590 Wes.
2623 3553 2677 3591 u.
2725 3534 2777 3588 d.
2821 3534 2956 3589 hist.
3003 3533 3168 3602 Bdtg.

713 3624 765 3677 d.
806 3622 1120 3678 Ostracism.
1159 3623 1219 3676 in
1256 3622 1418 3676 Atha
1459 3622 1520 3676 in
1555 3623 1743 3678 Jahrb.
1781 3624 1821 3677 f.
1859 3624 2023 3679 klass.
2074 3624 2218 3679 Phil.
2264 3625 2455 3694 Suppl.
2502 3626 2580 3679 IV
2618 3624 2826 3694 (1861);
2871 3618 3170 3679 Fraenkel't

722 3713 871 3768 »Ate
893 3712 1471 3782 Geschworenenger.‹
1487 3712 1683 3780 (Berol.
1711 3712 1869 3782 1877)
1887 3732 1940 3784 p.
1968 3716 2030 3769 14
2050 3733 2197 3784 sqq.;
2218 3715 2459 3770 Gilbert:
2486 3715 2837 3773 »Staatsalts
2861 3715 2888 3769 Ι
2906 3713 3140 3782 294sqq.
3153 3734 3171 3778 ;

713 3802 909 3857 Busolt
945 3801 983 3858 l.
1014 3802 1049 3856 l.
1080 3801 1111 3868 ξ
1146 3801 1242 3855 192
1280 3820 1335 3871 p.
1376 3802 1477 3856 173
1496 3819 1574 3871 sq.
1588 3824 1603 3868 3
1641 3820 1818 3872 nuper
1863 3802 2272 3858 accuratissime
2307 3822 2391 3859 res
2427 3806 2673 3859 tractata.
2709 3807 2794 3859 est
2829 3803 2890 3857 in
2925 3803 3171 3857 Mnemo-

713 3909 848 3962 syne
885 3911 938 3945 n.
977 3908 1018 3946 s.
1055 3891 1159 3945 XV
1202 3891 1302 3945 129
1339 3909 1457 3960 sqq.

917 3978 960 4048 ²)
1018 3979 1327 4036 Secundum
1386 3980 1564 4035 Schol.
1614 3981 1686 4035 ad
1730 3981 2012 4052 Aristoph.
2059 3983 2200 4051 Equ.
2247 4001 2300 4038 v.
2348 3965 2454 4038 855
2500 3981 2587 4050 (cf.
2636 3982 2764 4037 Lex.
2811 3983 2953 4036 rhet.
3008 3981 3166 4037 Cant.

716 4089 758 4126 s.
796 4088 848 4124 v.
888 4066 1016 4140 ὸστρ.
1054 4066 1254 4140 τρόπος)
1299 4069 1549 4124 homines
1587 4070 1735 4125 docti
1771 4074 2113 4140 putaverunt
2156 4072 2281 4127 illos
2328 4072 2389 4127 in
2434 4072 2680 4142 quinque
2723 4074 2949 4126 tantum
2997 4087 3172 4126 annos

718 4159 1017 4230 posteriore
1054 4162 1241 4214 aetate
1278 4176 1308 4214 e
1344 4159 1533 4228 patria
1569 4160 1821 4229 expulsos
1858 4177 1988 4227 esse,
2027 4162 2174 4229 quod
2210 4161 2270 4215 in
2297 4161 2663 4230 suspicionem
2688 4162 2911 4216 vocavit
2929 4160 3170 4215 Valeton

714 4250 751 4304 l.
791 4249 828 4302 l.
866 4266 918 4318 p.
957 4248 1062 4302 339
1100 4248 1227 4302 adn.
1268 4249 1324 4313 13
1364 4248 1431 4302 cf.
1472 4248 1644 4303 etiam
1681 4248 1899 4304 Gilbert
1935 4251 1961 4304 I
1997 4250 2120 4315 295,
2164 4253 2208 4305 l.

899 4335 941 4406 8)
980 4337 1048 4392 cf.
1085 4336 1305 4391 Meieri:
1349 4337 1659 4393 »Historiae
1695 4338 1831 4392 iuris
1869 4339 2046 4393 Attici
2083 4340 2150 4394 de
2184 4339 2342 4394 bonis
2380 4340 2766 4395 damnatorum
2807 4343 2864 4394 et
2898 4339 3172 4394 fiscalium

714 4425 1023 4484 debitorum
1062 4426 1189 4481 libri
1228 4426 1313 4480 11«
1355 4427 1553 4493 (Berol.
1586 4428 1744 4494 1819)
1781 4446 1836 4497 p.
1875 4428 1962 4484 98.

899 4517 941 4585 ⁴)
978 4515 1045 4571 cf.
1083 4516 1334 4570 Platner:
1387 4516 1567 4571 »Proz.
1606 4536 1659 4572 u.
1697 4518 1916 4588 Klagen
1951 4518 2041 4574 bei
2079 4519 2129 4573 d.
2170 4519 2322 4575 Atts
2366 4517 2624 4586 (Darmst.
2667 4518 2827 4586 1824)
2874 4518 2901 4572 1
2938 4516 3060 4572 389.
3099 4544 3167 4555 -

713 4607 910 4663 Busolt
946 4605 1084 4660 dicit
1120 4622 1242 4660 eam
1280 4605 1553 4660 actionem
1595 4606 1790 4661 »einen
1828 4608 1945 4663 Akt
1981 4608 2301 4678 politischer
2336 4607 2917 4678 Zweckmassigkeit«;
2957 4607 3021 4662 cf.
3062 4607 3099 4660 l.
3128 4606 3169 4661 l.

713 4700 746 4766 ἕ
786 4697 890 4752 192
926 4715 978 4766 Ρ.
1020 4695 1123 4749 173
1162 4693 1286 4756 adn.
1327 4694 1358 4748 7
1397 4698 1455 4749 ct
1489 4713 1542 4764 p.
1584 4696 1714 4762 1743
1751 4697 2019 4752 Valeton:
2056 4697 2411 4767 Mnemosyne
2446 4697 2548 4751 XV
2584 4696 2708 4752 342.
