3567 5392
1937 412 2076 507 18μ

739 607 1039 672 Ceterum
1084 605 1434 673 verisimile
1483 612 1582 672 est
1627 603 2027 690 Hyperidem
2073 605 2138 669 in
2187 603 2565 671 defensione
2612 603 3015 689 exposuisse,
3067 623 3197 686 qua

740 713 824 781 de
880 734 1082 779 causa
1127 712 1505 799 psephisma
1559 711 1899 795 illegitime
1955 710 2228 778 tulisset.
2322 709 2572 788 Quodsi
2628 711 2775 794 quis
2833 710 3199 797 suspicetur

738 820 1135 906 Hyperidem
1182 821 1263 885 ob
1309 820 1555 885 nullam
1599 819 1798 885 aliam
1856 838 2123 885 causam
2176 824 2535 906 παρανόμων
2593 823 2968 884 accusatum
3026 837 3193 893 esse,

738 948 933 1012 quam
980 925 1154 1011 quod
1197 927 1583 1010 rogavisset,
1628 931 1701 991 ut
1732 926 1964 991 civitas
1992 925 2355 1010 peregrinis
2386 925 2665 1009 daretur,
2679 923 2729 1010 ¹)
2760 922 3192 1008 fragmentum

739 1033 1163 1118 defensionis,
1240 1032 1414 1117 quod
1489 1039 1684 1117 extat,
1698 1033 1748 1116 ²)
1826 1032 1990 1098 satis
2067 1031 2467 1098 demonstrat
2531 1029 2931 1116 Hyperidem
2996 1029 3193 1096 etiam

740 1162 1008 1208 causam
1054 1141 1313 1207 exulum
1360 1161 1478 1206 sua
1525 1160 1726 1225 opera
1772 1147 2223 1205 revocatorum
2269 1138 2536 1206 dixisse.
2631 1138 2931 1222 Denique
2968 1136 3190 1203 dubito

741 1269 827 1313 an
876 1269 957 1315 ex
1001 1248 1218 1314 verbis
1263 1247 1612 1332 Plutarchi,
1661 1246 1894 1331 quibus
1933 1245 2016 1312 (16
2046 1245 2407 1312 Alcibiadis
2444 1245 2857 1311 revocatione
2896 1245 3126 1329 agitur,
3140 1243 3190 1325 ⁸)

742 1354 829 1442 id,
866 1355 1038 1439 quod
1070 1375 1266 1441 supra
1294 1353 1592 1440 diximus,
1640 1353 1850 1420 conici
1894 1354 2120 1439 possit.
2212 1353 2425 1436 Atque
2473 1352 2671 1418 etiam
2716 1352 2890 1417 aliae
2939 1370 3197 1435 causae,

743 1482 912 1547 quae
972 1464 1164 1529 rebus
1229 1462 1393 1547 ipsis
1460 1460 1978 1547 suppeditantur,
2038 1461 2099 1527 ei
2175 1460 2463 1544 rogatori
2531 1458 2702 1544 &detq
2768 1479 2931 1543 opus
2996 1457 3197 1523 fuisse

744 1570 1181 1655 comprobant.
1228 1569 1468 1635 Reditu
1515 1569 1685 1635 enim
1740 1568 2001 1635 exulum
2044 1568 2150 1634 vel
2196 1568 2413 1653 potius
2462 1566 2874 1632 revocatione
2921 1564 3202 1630 violatur

739 1676 1199 1762 iusiurandum,
1256 1676 1431 1760 quod
1480 1682 1747 1743 senatus
1804 1675 2058 1741 iuravit.
2152 1674 2380 1740 Contio
2427 1674 2625 1757 igitur
2670 1673 3011 1756 rogatione
3055 1693 3202 1757 pro·

740 1787 899 1850 bata
947 1784 1238 1849 consulto
1285 1782 1732 1850 iusiurandum
1776 1781 2007 1864 laedit,
2065 1780 2236 1865 quod
2286 1786 2623 1847 senatores
2677 1800 2796 1865 per
2849 1785 2984 1846 tres
3037 1778 3201 1845 deos

741 1892 1036 1977 publicos
1083 1891 1472 1975 iuraverunt,
1519 1888 1724 1957 laedit
1770 1888 2057 1954 divinum
2113 1889 2208 1953 rei
2260 1886 2561 1975 publicae
2619 1886 2938 1970 ordinem,
2992 1883 3200 1950 laedit

710 2019 968 2085 ,sacras
1030 1996 1277 2083 leges⁴>
1345 2003 1409 2062 et
1472 1996 1566 2062 rei
1629 1997 1931 2082 publicae
1993 1982 2319 2080 instituta,
2396 2001 2460 2061 et
2531 1993 2979 2060 iusiurandum
3045 2012 3192 2058 con-

743 2103 1086 2172 temnendo
1116 2105 1249 2170 iras
1279 2105 1596 2170 caelestes
1625 2104 1691 2169 in
1732 2124 1805 2170 se
1851 2104 1998 2189 ipsa
2041 2102 2418 2169 detestatur.
2433 2101 2479 2180 5)
2539 2100 2748 2179 Quam
2796 2101 2877 2166 ob
2927 2120 3195 2165 causam

739 2219 1109 2296 rogatorem
1155 2219 1512 2300 παρανόμων
1559 2232 1869 2277 accusare
1914 2210 2116 2277 licuit.
2213 2206 2346 2274 Sed
2391 2209 2795 2292 rogationem
2844 2207 3068 2273 exules
3098 2227 3197 2273 re·

742 2318 1021 2384 vocandi
1068 2317 1220 2383 ferri
1267 2319 1522 2383 omnino
1571 2319 1678 2383 lex
1722 2324 1920 2401 vetat,
1969 2317 2121 2400 quia
2169 2321 2236 2380 τὸ
2282 2320 2486 2401 κῦριον
2541 2328 2649 2402 τῆς
2706 2319 3008 2388 πολιτείας
3063 2314 3198 2379 vio-

744 2427 933 2511 latur,
996 2427 1091 2490 ita
1157 2424 1442 2509 quidem,
1506 2431 1577 2489 ut
1632 2424 1949 2510 populus‚-
1993 2429 2336 2508 postquam
2392 2443 2510 2507 pro
2560 2422 2806 2488 scelere
2854 2420 3199 2488 commisso

745 2554 957 2616 aquae
1005 2540 1069 2598 et
1114 2532 1287 2616 ignis
1331 2530 1851 2597 interdictionem
1898 2531 2357 2615 sempiternam
2405 2529 2754 2608 constituit,
2803 2536 2875 2594 ut
2918 2549 3200 2614 poenam

743 2640 1048 2723 remittat,
1095 2645 1592 2705 commoveatur.
1685 2638 1853 2703 Nam
1893 2637 1948 2703 si
1990 2656 2179 2720 quem
2206 2636 2517 2702 iudicium
2543 2635 2972 2721 heliasticum,
3000 2655 3208 2721 penes

748 2746 922 2831 quod
985 2766 1296 2812 summum
1359 2746 1588 2811 harum
1650 2733 1863 2811 rerum
1926 2745 2258 2810 arbitrium
2326 2749 2483 2828 erat,
2548 2742 2744 2808 exilio
2812 2744 3202 2829 sempiterno

744 2854 1102 2940 multasset,
1157 2874 1371 2940 poena
1428 2853 1667 2919 remitti
1721 2873 1850 2918 non
1905 2852 2252 2937 poterat36)
2304 2850 2360 2917 si
2407 2857 2623 2915 autem
2669 2850 2963 2916 remissio
3011 2870 3201 2935 roga-

745 2963 952 3046 batur,
1017 2967 1084 3026 τὸ
1147 2965 1349 3046 κὺριον
1410 2961 1802 3044 violabatur,
1867 2957 2138 3045 perinde
2194 2964 2388 3041 atque
2443 2968 2547 3023 τοῦ
2603 2968 2799 3022 κοινοῦ
2855 2958 3200 3041 integritas

746 3068 1116 3133 violabatur
1146 3064 1498 3150 >rogatione
1545 3065 1738 3152 facta,
1777 3076 1848 3132 ut
1894 3066 2234 3151 pecuniam
2282 3065 2536 3131 aerario
2585 3064 2873 3130 debitam
2918 3065 3197 3150 populus

754 3175 1126 3241 remitteret.

929 3298 1144 3377 Quare
1209 3300 1466 3366 exulum
1520 3299 1842 3366 restitutio
1900 3297 2310 3384 privilegium
2367 3305 2531 3383 erat,
2565 3295 2764 3379 ·quod
2818 3295 3205 3380 impunitate

939 3550 978 3619 ι)
1017 3552 1082 3604 111
1118 3552 1224 3605 hac
1276 3568 1333 3604 re
1386 3549 1589 3619 γραφὴν
1645 3548 1947 3618 παρανόμων
2002 3548 2286 3601 intendere
2332 3545 2493 3600 licuit
2505 3567 2516 3610 ;
2571 3544 2637 3598 cf.
2690 3542 2890 3610 [Dem.]
2941 3541 3064 3594 LIX
3110 3541 3209 3602 90;

750 3641 1117 3695 Schoemann:
1171 3639 1268 3694 »de
1305 3657 1439 3693 com.
1479 3640 1646 3693 Ath.‹
1686 3656 1740 3707 p.
1779 3637 1909 3701 3383
1967 3636 2161 3690 Meier:
2186 3715 2189 3719 ‚
2215 3635 2312 3688 »de
2358 3635 2483 3688 bon.
2523 3633 2740 3686 damna<
2792 3649 2844 3700 p.
2884 3630 2970 3685 57.
3014 3658 3077 3667 -
3118 3627 3206 3681 Ad

753 3748 892 3795 eam,
932 3730 999 3784 de
1036 3748 1147 3798 qua
1184 3746 1348 3798 supra
1386 3728 1590 3797 agitur,
1627 3744 1743 3781 rem
1781 3726 1847 3780 cf.
1889 3724 2129 3779 Schenkl
2167 3724 2202 3777 1.
2241 3724 2276 3776 l.
2318 3723 2372 3776 ΙΙ
2409 3741 2460 3792 p.
2503 3722 2623 3776 173.

937 3835 984 3905 ²)
1021 3856 1072 3892 v.
1112 3854 1278 3906 supra
1313 3854 1366 3904 p.
1407 3835 1473 3889 17
1514 3834 1639 3888 adn.
1677 3834 1727 3887 2.

938 3943 980 4011 ³)
1019 3945 1087 3999 cf.
1124 3944 1273 3997 Plut.
1312 3942 1486 3996 Alcib.
1525 3940 1782 3995 XXXIII.

934 4050 978 4116 ⁴)
1018 4050 1085 4105 de
1122 4049 1322 4117 quibus
1357 4048 1574 4117 legibus
1610 4025 1747 4102 haec
1794 4046 1931 4101 dicit
1979 4044 2183 4114 [Dem.]
2220 4046 2374 4099 XXV
2411 4045 2505 4098 21:
2553 4038 2726 4113 ἐπειδὴ
2771 4039 2928 4092 τοίνυν
2978 4036 3025 4090 οἱ
3073 4037 3217 4108 νόμοι

749 4140 878 4209 μετὰ
912 4139 1027 4200 τοὺς
1073 4138 1227 4199 θεοὺς
1273 4135 1634 4207 ὁμολογοῦνται
1681 4134 1854 4195 σώζειν
1889 4134 1983 4205 τὴν
2031 4131 2197 4190 πόλιν.
2218 4176 2231 4190 .
2255 4156 2293 4199 .;
2342 4134 2409 4188 cf.
2449 4133 2642 4187 Aesch.
2687 4131 2715 4184 I
2761 4131 2819 4195 53
2869 4131 3024 4184 Dem.
3074 4127 3204 4181 XXI

754 4230 876 4286 225.
952 4229 1208 4297 Populus
1230 4231 1417 4282 autem
1454 4227 1644 4296 legum
1679 4229 1861 4281 custos
1898 4228 1997 4291 est,
2036 4227 2102 4278 ut
2139 4241 2185 4279 e.
2225 4242 2269 4278 c.
2308 4222 2500 4277 Aesch.
2539 4222 2567 4275 I
2607 4221 2637 4274 7
2676 4219 2828 4274 dicit.

938 4334 988 4403 Ι5)
1026 4336 1093 4389 cf.
1131 4336 1256 4404 Lyc.
1296 4335 1419 4390 adv·
1448 4335 1628 4388 Leocr.
1668 4335 1699 4401 ξ
1739 4334 1833 4388 76:
1879 4329 1934 4383 ὃν
1973 4332 2066 4401 (sc.
2105 4329 2250 4401 ὅρκον
2288 4328 2548 4401 ἐφηβικόν)
2587 4326 2630 4378 εἰ
2665 4328 2752 4396 μὲν
2790 4323 3026 4395 ὀμώμοκε
3065 4323 3218 4375 Λεω-

753 4425 962 4497 κρᾴτης,
1010 4431 1235 4494 φανερῶς
1281 4422 1587 4494 ἐπιώρκηκε,
1634 4422 1720 4474 καὶ
1769 4419 1827 4473 οὔ
1873 4420 2021 4492 μόνον
2068 4419 2197 4490 ὑμᾶς
2242 4417 2489 4490 ἠδίκηκεν
2536 4413 2676 4469 ἀλλὰ
2721 4416 2808 4467 καὶ
2855 4412 2926 4476 εἰς
2971 4414 3027 4465 τὸ
3074 4412 3221 4464 θεῖον

751 4513 1032 4586 ἠσέβηκεν·
1099 4558 1111 4570 .
1135 4558 1147 4570 .
1169 4556 1181 4570 .
1204 4556 1217 4571 .
1231 4512 1349 4564 ἀνθ’
1407 4506 1475 4565 ὧν
1531 4510 1733 4574 δικαίως
1791 4511 1853 4563 ἂν
1906 4509 2054 4563 αὐτὸν
2111 4510 2197 4561 καὶ
2253 4508 2368 4579 ὑπὲρ
2423 4506 2562 4579 ὑμῶν
2615 4507 2702 4557 καὶ
2751 4505 2866 4576 ὑπὲρ
2921 4511 3023 4577 τῶν,
3074 4503 3212 4554 θεῶν
3297 4578 3300 4579 ⁷

755 4603 1151 4675 τιμωρησαισθε.

938 4694 982 4764 ⁶)
1021 4695 1099 4750 Of.
1142 4695 1507 4749 Schoemann:
1554 4693 1677 4748 »Gn
1717 4692 1952 4746 Alterius
1995 4691 2022 4743 1
2060 4691 2182 4744 399.
