3567 5392
1600 413 1688 478 45

427 629 759 675 commune
824 607 1261 692 colligendum
1336 628 1481 675 esse
1555 608 2028 694 intellexerunt,
2100 608 2273 675 unde
2344 608 2583 675 bellum
2657 615 2879 674 contra

420 716 660 782 Persas
732 718 1306 801 persequerentur.
1455 716 1555 780 Ex
1629 716 1862 782 annuis
1932 715 2130 799 igitur
2221 716 2542 783 sociorum
2622 715 2878 782 tributis

421 822 744 889 aerarium
783 823 1028 889 sociale
1076 828 1370 888 coactum
1402 828 1502 890 est
1541 823 1824 908 Delique
1853 823 2238 910 depositum,
2285 824 2467 890 cuius
2498 829 2878 908 quaestores

420 929 939 997 Hellenotamiae
987 936 1189 997 erant.
1283 930 1415 997 Sed
1459 936 1681 997 notum
1729 937 1831 997 est
1877 952 1958 998 ex
1996 930 2194 997 sociis
2241 932 2633 1019 (συμμάχοις)
2680 931 2877 1017 paulo

420 1042 570 1123 post
634 1038 958 1105 subiectos
1018 1035 1372 1125 (ὖπηκόους)
1431 1037 1640 1104 factos
1697 1059 1863 1119 esse,
1928 1038 2151 1122 itaque
2215 1059 2360 1104 cum
2425 1037 2746 1122 dignitate
2814 1042 2880 1105 et

421 1144 806 1211 auctoritate
851 1143 1249 1211 Athenarum
1294 1145 1709 1229 congruebat,
1772 1144 1946 1229 quod
1994 1166 2046 1213 c.
2096 1165 2332 1210 annum
2378 1147 2511 1212 454
2558 1145 2880 1212 aerarium

423 1241 668 1318 sociale
696 1252 866 1318 Delo
894 1252 1188 1319 Athenas
1227 1251 1612 1319 translatum
1653 1258 1717 1319 et
1758 1272 1831 1318 re
1875 1272 2030 1318 vera
2075 1251 2143 1317 in
2189 1251 2507 1318 aerarium
2551 1252 2879 1338 publicum

416 1356 912 1426 'Atheniensium
937 1366 1253 1426 mutatum
1283 1364 1401 1446 est,
1414 1359 1463 1442 2)
1513 1379 1594 1425 ex
1641 1380 1765 1444 quo
1813 1379 1943 1425 non
1987 1358 2179 1425 modo
2226 1358 2293 1424 in
2320 1379 2453 1425 rem
2481 1379 2880 1426 communem

421 1466 484 1554 h.
534 1486 589 1534 e.
646 1467 990 1533 militarem
1043 1467 1362 1553 pecuniae
1408 1466 1763 1552 impensae,
1823 1465 1941 1532 sed
1996 1464 2193 1532 etiam
2249 1465 2337 1531 ad
2395 1465 2877 1532 Atheniensium

421 1572 743 1659 aedificia,
790 1573 932 1641 dies
980 1574 1182 1641 festos
1230 1573 1526 1658 aliasque
1572 1574 1801 1639 horum
1848 1594 1953 1640 res
2002 1573 2281 1639 collatae
2319 1579 2484 1640 sunt.
2496 1573 2545 1655 2)
2622 1575 2705 1640 Et
2733 1594 2878 1640 con-

421 1680 619 1747 simili
664 1680 856 1747 modo
902 1682 1181 1767 populus
1209 1680 1702 1747 Atheniensium
1748 1680 1846 1747 eis
1872 1680 2168 1766 pecuniis
2196 1680 2400 1747 libero
2431 1681 2693 1747 arbitrio
2724 1702 2878 1747 usus

423 1794 538 1874 est,
598 1808 765 1871 quae
814 1810 894 1856 ex
941 1788 1199 1855 tributis
1245 1788 1687 1855 redundantes
1736 1787 1914 1874 apud
1969 1793 2350 1873 quaestores
2394 1788 2724 1854 Minervae
2771 1788 2879 1855 de·
2967 1809 2970 1811 ·

378 1942 380 1944 ψ
421 1895 678 1980 positae
726 1903 927 1982 erant,
939 1896 986 1975 ⁸)
1046 1916 1314 1981 quorum
1361 1896 1481 1963 sub
1528 1895 1828 1962 custodia
1872 1901 2077 1962 totum
2122 1895 2445 1963 aerarium
2488 1896 2556 1961 in
2602 1916 2769 1991 arce,
2814 1898 2881 1961 in

421 2002 680 2089 postica
707 2002 1202 2088 Parthenonis4)
1235 2003 1418 2088 cella,
1465 2008 1870 2070 reservatum
1899 2008 2017 2069 est.
2092 2001 2238 2079 Qua
2282 2022 2353 2068 re
2400 2002 2720 2069 aerarium
2752 2023 2880 2069 non

423 2109 591 2177 deae
636 2111 877 2178 factum
906 2117 1023 2197 est,
1035 2110 1085 2194 ⁵)
1135 2110 1253 2177 sed
1297 2111 1624 2196 publicum
1673 2110 1914 2176 mansit
1960 2109 2025 2174 in
2073 2129 2264 2176 sacra
2310 2109 2477 2175 deae
2522 2109 2726 2176 tutela
2772 2110 2880 2176 de-

421 2217 770 2303 positumss)
817 2239 859 2283 a
906 2218 1172 2284 civitate
1217 2218 1284 2282 in
1331 2217 1572 2304 templo
1618 2218 1971 2303 Minervae,
2017 2223 2089 2283 ut
2124 2217 2199 2302 is,
2247 2216 2357 2301 qui
2403 2215 2524 2282 has
2569 2217 2880 2302 pecunias

422 2330 761 2411 averteret,
810 2323 1284 2409 sacrilegium⁷)
1334 2324 1779 2392 committeret.
1857 2325 2119 2391 Partem
2148 2322 2589 2389 tantummodo
2618 2324 2880 2389 tributo-

421 2453 562 2497 rum
617 2432 879 2513 (minam
934 2432 1017 2498 de
1063 2433 1308 2499 talento
1323 2432 1376 2517 8)
1434 2431 1714 2518 populus
1760 2431 2251 2498 Atheniensium
2315 2430 2481 2497 deae
2536 2432 2880 2515 quotannis

609 2646 650 2716 ¹)
687 2647 766 2702 cf.
805 2647 1023 2703 Gilbert
1058 2648 1085 2701 I
1122 2665 1175 2717 p.
1214 2647 1318 2702 318
1354 2664 1472 2715 sqq.
1511 2665 1565 2716 p.
1594 2647 1714 2713 391,
1755 2647 1794 2700 3
1802 2669 1816 2713 3
1863 2646 2056 2701 Busolt
2093 2649 2125 2709 5
2162 2646 2268 2700 212
2305 2663 2358 2715 p.
2402 2647 2519 2710 187,
2562 2647 2643 2702 11.
2702 2646 2735 2713 5
2772 2646 2880 2700 240

422 2756 474 2806 p.
515 2737 620 2791 212
655 2754 774 2806 sqq.
811 2737 844 2804 5
879 2737 986 2791 242
1024 2755 1077 2807 p.
1116 2737 1238 2793 216.

609 2825 650 2892 ²)
688 2827 840 2880 Num
866 2826 1090 2881 omnino
1118 2826 1392 2881 aerarium
1419 2825 1701 2896 publicum
1729 2825 2155 2880 Atheniensium
2192 2827 2324 2879 ante
2359 2824 2418 2878 id
2453 2827 2674 2893 tempus
2698 2825 2881 2892 fuerit,

424 2915 670 2970 dubitari
705 2918 887 2985 potest
899 2937 912 2981 ;
969 2915 1266 2985 posteriore
1313 2917 1499 2969 aetate
1543 2914 1811 2984 pecuniae
1860 2932 1927 2969 ex
1970 2914 2238 2968 reditibus
2285 2914 2588 2983 superfluae
2625 2913 2884 2969 distribui

425 3005 703 3069 solebant;
743 3005 808 3059 cf.
847 3005 1040 3060 Busolt
1077 3008 1107 3068 5
1145 3004 1249 3058 213
1286 3022 1338 3073 p.
1386 3004 1501 3058 188.

608 3092 651 3162 ⁸)
689 3093 754 3148 cf.
803 3094 976 3150 Bekk.
1023 3094 1128 3147 An.
1176 3093 1268 3148 Gr.
1307 3094 1429 3158 306,
1470 3094 1500 3146 7
1515 3115 1529 3159 ;
1587 3092 1807 3148 Gilbert
1853 3094 1879 3148 I
1923 3111 1977 3162 p.
2023 3093 2145 3159 234,
2196 3094 2254 3158 3;
2312 3093 2883 3149 Hauvette·Besnault

422 3183 460 3237 1.
500 3183 538 3238 l.
578 3201 630 3253 p.
678 3183 794 3248 132,
833 3185 893 3248 4;
941 3184 1136 3238 Busolt
1171 3183 1203 3250 5
1240 3184 1346 3237 213
1383 3201 1437 3251 p.
1479 3184 1599 3249 189,
1638 3184 1689 3237 2.
1738 3187 1768 3247 5
1805 3183 2000 3252 242·p.
2041 3184 2165 3238 216.
2211 3212 2283 3221 -
2327 3183 2480 3237 Num
2514 3182 2780 3252 pecuniae
2816 3200 2884 3237 ex

421 3271 692 3327 reditibus
728 3272 928 3328 annuis
954 3272 1340 3338 redundantes,
1378 3272 1426 3325 si
1453 3289 1602 3341 quae
1628 3272 1839 3327 fuerint
1866 3271 1961 3340 (cf.
1993 3272 2177 3327 adnot.
2206 3273 2285 3340 2),
2324 3272 2411 3327 his
2439 3271 2638 3328 aerarii
2665 3271 2882 3327 socialis

420 3362 671 3431 pecuniis
709 3361 930 3418 additae
965 3363 1096 3429 sint,
1132 3361 1405 3417 incertum
1442 3363 1526 3416 est
1537 3383 1550 3427 ;
1609 3361 1678 3416 cf.
1717 3361 1938 3416 Grilbert
1974 3361 2001 3415 I
2040 3361 2170 3427 318;
2227 3362 2422 3417 Busolt
2458 3365 2489 3426 5
2527 3364 2633 3416 213
2667 3379 2721 3430 p.
2766 3362 2882 3416 188.

607 3450 657 3519 ⁴)
695 3451 762 3505 cf.
801 3451 1018 3507 Gilbert
1052 3452 1079 3505 Ι
1115 3452 1220 3505 318
1230 3473 1245 3517 3
1284 3451 1478 3506 Busolt
1515 3451 1547 3518 5
1585 3451 1689 3505 213
1726 3469 1780 3520 p.
1826 3450 1952 3515 1893
1991 3450 2272 3520 depositae
2299 3453 2460 3506 erant
2485 3452 2592 3506 hae
2618 3451 2884 3520 pecuniae

368 3560 371 3561 ⁷
424 3540 646 3606 dextra3
695 3540 762 3596 cf.
797 3539 938 3595 OJA.
968 3541 995 3594 I
1024 3540 1149 3595 3213
1175 3558 1253 3594 vs.
1274 3541 1360 3594 23.
1425 3540 1491 3594 In
1529 3540 1759 3594 eandem
1797 3538 2161 3594 Parthenonis
2200 3540 2397 3594 cellam
2434 3538 2700 3609 (sinistra)
2737 3558 2883 3595 anno

423 3630 583 3698 43514
619 3629 791 3684 etiam
826 3629 1163 3698 reliquorum
1190 3629 1416 3684 deorum
1443 3628 1709 3699 pecuniae
1736 3628 1956 3683 delatae
1984 3631 2114 3683 sunt
2154 3627 2243 3697 [cf.
2265 3618 2459 3684 Busolt
2478 3632 2508 3692 5
2530 3630 2633 3683 213
2659 3648 2714 3699 p.
2741 3629 2883 3697 189],

424 3736 566 3787 quas
591 3715 639 3769 οἱ
665 3716 838 3789 ταμίαι
863 3725 962 3770 τῶν
991 3715 1164 3771 ἄλλων
1191 3717 1331 3770 θεῶν
1358 3718 1827 3774 administrabant
1866 3717 2137 3787 [Tabulae
2164 3721 2520 3787 quaestorum
2546 3720 2884 3788 reliquorum

424 3808 668 3874 deorum,
724 3825 868 3877 quae
923 3810 1135 3874 extant,
1189 3808 1454 3879 leguntur
1503 3807 1580 3863 Ο]
1582 3809 1645 3863 Α.
1685 3808 1712 3862 I
1755 3807 2080 3877 194—225].
2152 3808 2313 3863 Anno
2358 3809 2516 3877 40312
2562 3825 2629 3863 ex
2672 3808 2883 3863 duobus

425 3900 781 3966 quaestorum
836 3898 1085 3968 collegiis
1139 3916 1313 3954 unum
1368 3901 1453 3954 est
1507 3899 1743 3953 factum:
1802 3894 1847 3948 οἱ
1896 3896 2070 3968 ταμίαι
2113 3903 2212 3949 τῶν
2257 3895 2401 3968 ἱερῶν
2457 3896 2734 3968 χρημάτων
2786 3904 2882 3968 τῆς

425 3984 731 4058 Ἀθηναίας
775 3986 863 4065 aa).
906 3993 1004 4039 τῶν
1051 3983 1224 4039 ἄλλων
1271 3986 1436 4054 &emm
1493 3988 1558 4043 cf.
1599 3986 1741 4041 OJA.
1779 3986 1835 4041 ΙΙ
1873 3987 2136 4055 642sqq.;
2193 3987 2386 4042 Busolt
2432 3987 2464 4054 ξ
2512 3989 2615 4042 178
2658 4006 2711 4057 p.
2763 3988 2881 4042 159.

423 4079 579 4134 Inter
616 4095 787 4133 annos
822 4078 1015 4143 390189
1051 4079 1110 4132 et
1144 4077 1300 4144 38514
1337 4077 1446 4133 duo
1474 4076 1709 4147 collegia
1736 4076 1915 4131 denuo
1942 4075 2193 4132 seiuncta
2219 4078 2350 4131 sunt
2389 4075 2479 4144 [cf.
2508 4075 2584 4130 Ο]
2585 4076 2651 4131 Α.
2680 4077 2735 4131 II
2760 4077 2881 4131 660.

424 4167 548 4221 667.
579 4168 701 4221 671.
722 4166 870 4235 672],
906 4167 1001 4221 sed
1027 4184 1070 4221 c.
1101 4183 1309 4222 annum
1337 4165 1528 4233 321Ι22
1555 4184 1740 4220 rursus
1767 4165 2064 4221 coniuncta
2090 4183 2205 4221 esse
2233 4165 2492 4221 videntur
2501 4187 2515 4231 ;
2554 4165 2621 4220 cf.
2648 4166 2885 4221 Koehler

424 4257 498 4310 ad
535 4256 680 4312 CJA.
717 4256 772 4310 II
809 4258 938 4322 7193
978 4255 1194 4311 Gilbert
1231 4257 1257 4311 I
1293 4256 1424 4321 2353
1471 4255 1664 4311 Busolt
1701 4255 1732 4322 5
1776 4255 1876 4312 178
1912 4274 1966 4325 Ρ.
2001 4256 2115 4310 160.

610 4344 656 4410 ⁶)
691 4345 758 4402 cf.
802 4344 1112 4401 Kirchhofft
1179 4345 1377 4401 Abhdl.
1429 4343 1480 4399 d.
1526 4345 1668 4401 Berl.
1716 4345 1823 4400 Ak.
1872 4345 1924 4398 d.
1974 4345 2303 4400 Wissensch.
2356 4346 2493 4400 1876
2539 4363 2590 4415 Ρ.
2631 4345 2697 4399 21
2737 4362 2883 4412 sqq.;

421 4435 621 4490 Busolt
655 4434 688 4501 ἓ
725 4435 832 4490 213
867 4452 921 4504 Ρ.
963 4435 1081 4500 189,
1118 4435 1169 4488 2.

609 4522 655 4593 ⁰)
690 4524 756 4579 cf.
796 4523 1260 4579 Biichsenschfitz:
1302 4524 1450 4579 »Bes.
1489 4541 1544 4577 u.
1581 4524 1757 4578 Erum
1798 4541 1853 4592 p.
1890 4510 2013 4578 508.

609 4611 654 4682 ⁷)
690 4614 773 4668 De
807 4609 1057 4684 ἱεροσυλίᾳ
1093 4613 1160 4667 cf.
1199 4613 1566 4668 Schoemann:
1611 4612 1739 4667 »Orr-
1775 4612 1925 4667 AIt.‹
1965 4613 2019 4666 Π
2060 4613 2180 4668 142.

610 4700 655 4771 ⁸)
693 4703 760 4757 cf.
803 4702 944 4758 CJA.
983 4701 1011 4755 I
1048 4703 1171 4757 226.
