3567 5392
1878 372 1966 437 46

699 571 1028 649 tamquam
1077 565 1355 655 ἀπαρχήν
1401 566 1824 652 consecravit,
1838 567 1887 650 ¹)
1935 586 2061 651 quo
2110 565 2280 631 dono
2326 565 2506 632 nulla
2551 566 2889 633 foederata
2918 564 3151 632 civitas

697 671 1112 753 liberabatur,
1168 675 1250 739 ne
1306 679 1440 738 tum
1495 672 1752 757 quidem
1810 674 1866 739 si
1921 671 2352 740 Athenienses
2407 693 2524 759 per
2577 673 2987 760 privilegium
3043 672 3150 737 tri-

698 780 921 844 butum
968 778 1027 845 ei
1073 779 1468 848 remiserant.
1483 780 1531 862 ²)
1608 778 1794 858 Quae
1823 780 2094 867 ἀπαρχαί
2135 781 2219 846 ab
2247 780 2739 847 Hellenotamiis
2753 779 2802 868 ³)
2852 786 3149 864 quaesto-

699 887 876 953 ribus
932 887 1168 952 aerarii
1224 888 1552 955 Minervae
1605 889 1880 976 (ταμίαις
1924 900 2038 974 τῆς
2082 889 2263 971 θεοῦ)
2281 886 2336 975 ⁴)
2395 894 2642 973 pensae
2700 894 2847 955 sunt
2890 887 3149 972 logistis

700 992 1096 1060 custodibus.
1108 993 1158 1076 5)
1279 995 1382 1061 De
1457 994 1790 1080 eroganda
1867 1002 2084 1061 autem
2159 1015 2603 1080 quemcunque
2677 995 2746 1061 in
2817 1016 3004 1061 usum
3070 1016 3151 1061 ex

700 1100 953 1167 aerario
1030 1101 1288 1188 publico
1354 1108 1420 1168 et
1492 1102 1718 1169 sociali
1738 1103 1790 1185 ⁶)
1865 1101 2141 1189 pecunia
2216 1103 2300 1168 ab
2376 1102 2521 1188 ipso
2596 1108 2845 1168 tantum
2908 1101 3149 1188 populo

700 1209 1186 1276 Atheniensium
1261 1209 1521 1277 decerni
1582 1211 1821 1297 potuit,
1845 1211 1891 1290 ⁷)
1968 1216 2033 1276 et
2106 1210 2551 1296 psephismate
2617 1209 2700 1277 de
2763 1209 3149 1276 adhibendis

700 1317 995 1401 pecuniis
1049 1316 1302 1403 perlato
1362 1325 1739 1402 quaestores
1796 1318 2126 1387 Minervae
2148 1318 2199 1400 ⁸)
2248 1338 2409 1404 eam,
2475 1339 2667 1402 quam
2714 1317 2993 1404 populus
3041 1316 3150 1383 de·

708 1430 1017 1511 creverat,
1083 1445 1394 1491 summam
1441 1423 2003 1513 Hellenotamiis9)
2049 1424 2155 1493 vel
2201 1426 2283 1493 iis
2331 1425 2821 1509 magistratibus
2866 1424 3150 1511 pendere

700 1531 862 1598 iussi
928 1538 1092 1617 sunt,
1157 1553 1319 1616 quos
1381 1531 1759 1619 psephisma
1824 1530 2368 1619 constituerat.¹⁰)
2461 1533 2696 1599 Verum
2757 1552 2887 1597 non
2952 1532 3151 1599 totius

701 1638 935 1704 aerarii
997 1639 1063 1704 in
1108 1639 1349 1725 templo
1395 1640 1709 1707 reservati
1753 1640 1995 1726 populo
2052 1639 2499 1727 psephismate
2548 1639 2826 1725 simplici
2872 1639 3151 1705 facultas

702 1751 842 1811 erat
908 1745 1252 1830 erogandi3
1329 1745 1757 1813 discernenda
1814 1747 1985 1833 enim
2041 1754 2190 1815 sunt
2244 1746 2384 1814 ὅσια
2439 1754 2504 1813 et
2556 1745 2691 1834 ἱερὰ
2743 1745 3151 1835 χρήματα.“)

698 1853 784 1917 Et
830 1852 966 1919 ὅσια
994 1852 1252 1938 quidem
1282 1855 1669 1943 xprjuoetocffl)
1719 1875 1799 1920 ea
1847 1860 2011 1941 sunt,
2058 1875 2226 1939 quae
2272 1854 2360 1920 ad
2397 1853 2692 1940 publicos
2717 1853 3153 1940 profanosque

704 1980 858 2028 usus
917 1962 1157 2048 populo
1215 1961 1524 2028 adhibere
1579 1962 1750 2043 licet,
1817 1961 1946 2049 ἱερά
2001 1967 2218 2028 autem
2267 1982 2363 2047 ea,
2428 1981 2594 2045 quae
2652 1960 2915 2028 deorum
2963 1981 3153 2028 sacra

702 2075 850 2134 sunt
894 2074 960 2135 et
1004 2069 1072 2135 in
1119 2068 1377 2137 divinas
1423 2075 1673 2136 tantum
1718 2090 1824 2136 res
1869 2068 2156 2155 impendi
2201 2068 2591 2155 possunt.¹³)

881 2176 1009 2243 Sed
1075 2197 1530 2262 nonnunquam
1593 2175 1818 2261 aliqua
1882 2175 2057 2244 ὁσίων
2113 2182 2437 2265 χρημάτων
2492 2176 2598 2242 vel
2649 2176 2856 2262 ipsius
2911 2174 3153 2261 publici

701 2283 938 2350 aerarii
1002 2305 1156 2369 pars
1220 2283 1362 2372 (aut
1428 2305 1508 2350 ex
1571 2283 1961 2351 Holwerdae
2027 2284 2366 2369 sententia,
2432 2284 2543 2367 qui
2616 2303 2841 2350 sacras
2906 2289 3154 2349 tantum

818 2630 825 2638 ·
892 2605 940 2676 ¹)
983 2607 1061 2662 Of.
1101 2608 1349 2663 Boeckh:
1392 2608 1501 2663 »St
1542 2609 1593 2663 d.
1633 2608 1799 2663 Ath.«
1840 2610 1867 2663 I
1904 2609 2033 2674 5783
2071 2608 2361 2664 Kirchhoff
2390 2609 2428 2662 1.
2453 2609 2489 2662 1.
2518 2628 2571 2679 p.
2601 2609 2669 2663 28
2700 2627 2845 2678 sqq.;
2884 2607 3099 2663 Gilbert
3126 2607 3153 2661 I

700 2715 755 2766 p.
792 2698 924 2762 3193
963 2697 1158 2752 Busolt
1194 2697 1227 2764 ἓ
1266 2698 1370 2752 213
1407 2715 1459 2767 p.
1505 2698 1618 2752 189.
1660 2701 1690 2761 ἓ
1714 2699 1822 2753 240
1857 2716 1909 2768 p.
1948 2698 2068 2753 213.
2108 2698 2274 2765 §242
2312 2716 2363 2768 p.
2395 2698 2517 2763 216,
2551 2699 2641 2763 11;
2680 2698 2909 2753 Beloch:
2947 2698 3018 2752 N.
3047 2697 3153 2751 Rh.

699 2787 839 2841 Mus.
877 2787 1110 2842 XXXIX
1148 2788 1235 2842 55.
2991 2799 3002 2809 ·

882 2874 926 2945 ')
962 2876 1030 2933 cf.
1070 2876 1214 2931 cJA.
1250 2876 1278 2930 I
1314 2880 1401 2933 40.

882 2964 923 3035 ³)
962 2965 1028 3020 cf.
1067 2965 1209 3020 OJA.
1248 2966 1275 3020 I
1312 2966 1398 3020 32.

880 3054 926 3125 ⁴)
963 3051 1023 3105 Οἱ
1058 3052 1233 3125 ταμίαι
1267 3061 1366 3107 τῶν
1401 3052 1545 3125 ἱερῶν
1582 3053 1861 3126 χρημάτων
1907 3059 2003 3125 τῆς
2039 3053 2341 3127 Ἀθηναίας
2385 3056 2475 3110 vel
2524 3053 2698 3126 ταμίαι
2741 3061 2841 3107 τῶν
2886 3061 2981 3126 τῆς
3029 3054 3154 3105 θεοῦ

698 3146 787 3200 vel
821 3142 996 3215 ταμίαι
1030 3150 1125 3216 τῆς
1162 3143 1290 3195 θεοῦ
1328 3145 1387 3199 hi
1425 3145 1796 3215 appellantur.

881 3233 925 3304 ⁶)
962 3234 1030 3290 ef.
1059 3235 1280 3289 tabulas
1316 3234 1654 3289 tributorum
1687 3234 1829 3289 CJA.
1859 3234 1885 3288 I
1915 3235 2213 3289 226-272,
2239 3264 2299 3272 -
2332 3235 2414 3289 De
2443 3236 2548 3290 hoc
2574 3234 2901 3305 logistarum
2928 3251 3156 3289 munere

701 3325 768 3378 cf.
809 3324 952 3379 OJA.
989 3324 1017 3378 I
1055 3325 1149 3389 323
1192 3324 1258 3379 cf.
1298 3324 1471 3379 etiam
1507 3323 1648 3378 OJA.
1688 3325 1714 3379 I
1750 3325 1874 3379 226.
1911 3324 2033 3379 228.
2073 3325 2195 3378 273.

881 3412 930 3482 ⁶)
965 3413 1122 3479 Quod
1150 3414 1425 3468 aerarium
1443 3413 1685 3469 Gilbert:
1729 3413 2190 3477 »Staatsschatz‹,
2220 3414 2413 3468 Busolt
2439 3415 2667 3468 rectius:
2702 3413 3151 3468 »Reichsschatz«

701 3505 863 3558 vocat
876 3525 892 3569 ;
929 3503 999 3559 cf.
1036 3521 1083 3558 e.
1122 3521 1167 3559 c.
1205 3503 1423 3559 Gilbert
1457 3503 1485 3557 I
1521 3522 1575 3574 p.
1612 3503 1718 3557 318
1730 3525 1744 3568 ;
1782 3502 1976 3558 Busolt
2013 3505 2044 3566 ξ
2083 3503 2188 3557 213
2224 3521 2278 3572 p.
2318 3503 2440 3557 189.

886 3590 930 3661 ²)
966 3592 1033 3648 cf.
1072 3592 1440 3648 Schoemann:
1484 3592 1582 3646 »de
1618 3609 1752 3648 com.
1792 3591 1956 3646 Ath.‹
1999 3609 2052 3661 p.
2092 3592 2213 3647 295.

881 3680 926 3752 ⁸)
962 3682 1445 3740 Administrabant
1480 3682 1542 3736 hi
1579 3685 1894 3752 quaestores
1929 3681 2212 3736 Minervae
2248 3681 2491 3736 Poliadis
2527 3683 2584 3736 et
2621 3680 2903 3736 Victoriae
2940 3680 3154 3735 aeraria

701 3771 1027 3842 separatim:
1067 3773 1208 3828 OJA.
1247 3773 1275 3827 I
1311 3774 1442 3838 2733
1481 3772 1548 3827 cf.
1586 3772 1780 3827 Busolt
1818 3774 1848 3834 ἓ
1891 3771 1991 3826 178
2027 3789 2080 3840 p.
2125 3771 2242 3827 159.

883 3860 928 3930 ⁹)
965 3862 1033 3917 cf.
1072 3862 1642 3919 Hauvette·Besnault
1678 3880 1730 3931 p.
1777 3862 1894 3916 132.

858 3949 929 4021 ¹⁰)
965 3952 1033 4008 cf.
1079 3951 1369 4009 Kirchhoff
1406 3953 1445 4007 1.
1491 3953 1528 4008 1.
1586 3970 1639 4022 p.
1692 3952 1788 4017 373
1844 3949 2062 4007 Gilbert
2107 3950 2135 4004 I
2180 3951 2303 4007 319.
2368 3979 2423 3989 —
2482 3950 2747 4006 Rationes
2801 3949 3159 4019 pecuniarum

699 4043 981 4099 Minervae
1044 4043 1286 4099 Poliadis
1339 4045 1399 4098 et
1451 4041 1732 4097 Victoriae
1784 4040 1847 4096 in
1901 4041 2044 4097 cJA.
2097 4040 2125 4094 I
2176 4042 2273 4096 177
2328 4058 2447 4109 sqq.
2501 4041 2790 4111 leguntur-3
2854 4039 2920 4094 cf.
2967 4037 3160 4092 Busolt

698 4134 730 4200 ὃ
767 4134 873 4190 213
909 4151 962 4203 Ρ.
1007 4134 1123 4189 189.

857 4221 929 4289 ¹¹)
969 4222 1036 4278 cf.
1072 4240 1118 4277 e.
1158 4240 1203 4277 c.
1241 4222 1397 4278 Dem.
1436 4222 1618 4276 XXIV
1658 4222 1749 4288 11;
1788 4219 2076 4276 Kirchhoff
2105 4221 2143 4274 l.
2180 4220 2219 4274 1.
2257 4238 2311 4290 p.
2349 4220 2419 4274 32
2455 4237 2536 4288 sq.

863 4311 936 4382 1’)
973 4313 1267 4368 Holwerda
1304 4311 1527 4381 quidem
1569 4310 1694 4380 [»de
1731 4310 1899 4366 sacris
1934 4309 2215 4381 pecuniis«
2255 4310 2317 4364 in
2351 4311 2612 4364 Mnemos.
2650 4327 2704 4363 n.
2734 4326 2774 4363 s.
2803 4308 2932 4362 XIV
2971 4306 3160 4375 (1886)

699 4422 752 4473 Ρ.
796 4404 897 4457 113
934 4402 1077 4472 sqq.]
1128 4402 1362 4457 coniecit
1407 4401 1521 4463 τοὺς
1557 4398 1740 4471 ταμίας
1776 4406 1875 4452 τῶν
1912 4397 2056 4471 ἱερῶν
2094 4398 2372 4472 χρημάτων
2419 4400 2695 4455 aerarium
2730 4397 3015 4468 publicum
3049 4413 3161 4450 non

700 4492 1114 4550 administrasse
1169 4509 1349 4562 neque
1404 4492 1505 4547 has
1559 4491 1811 4562 publicas
1857 4490 2118 4561 pecunias
2163 4491 2223 4544 in
2270 4490 2478 4560 templo
2525 4489 2807 4544 Minervae
2854 4488 3161 4543 asservatas

699 4602 837 4650 esse3
874 4584 969 4639 sed
1004 4601 1103 4653 pro
1140 4585 1288 4638 certo
1323 4581 1383 4637 id
1418 4581 1527 4636 dici
1563 4599 1674 4636 non
1710 4584 1910 4651 potest.

858 4671 932 4742 18)
969 4674 1037 4730 cf.
1075 4673 1419 4729 Schoemann
1455 4672 1490 4726 l.
1530 4672 1567 4726 1.
1605 4689 1659 4741 p.
1698 4673 1802 4726 297
1841 4670 1965 4725 adn.
2005 4672 2053 4725 2.
