3567 5392
1586 461 1671 525 43

588 655 905 733 Quoniam
935 655 1514 724 demonstravimus
1552 657 1970 724 remissiones
2000 656 2360 722 debitorum
2401 678 2858 742 nonnunquam

406 764 681 830 Athenis
738 763 948 830 factas
1016 783 1188 849 esse,
1252 763 1447 848 idque
1501 765 1695 831 venia
1747 765 2156 849 rogatoribus
2212 765 2391 850 prius
2452 764 2626 851 data,
2691 786 2859 830 1111110
2949 777 2954 783 ’

407 873 606 938 oritur
652 871 967 956 quaestiO,
1015 892 1208 955 quam
1256 872 1336 937 ob
1382 892 1519 938 rem
1563 870 1739 938 ἄδεια
1783 872 1865 938 118
1905 870 2315 955 rogatoribus
2353 871 2762 957 impetranda
2793 878 2859 938 et

407 1000 536 1064 qua
581 979 833 1045 ratione
881 978 1038 1044 data
1086 978 1172 1045 sit
1218 1001 1259 1043 a
1305 979 1564 1066 populo.

588 1088 684 1153 Ac
730 1086 788 1153 si
835 1085 979 1170 quis
1025 1107 1141 1172 pro
1190 1085 1396 1153 altero
1444 1086 1844 1153 remissionis
1900 1088 2304 1171 rogationem
2350 1087 2619 1174 ferebat,
2674 1087 2857 1171 leges

404 1195 722 1280 violabat,
787 1213 955 1277 quae
1033 1214 1174 1259 eam
1244 1194 1461 1277 rogari
1543 1194 1873 1260 vetabant.
2002 1193 2192 1271 Quod
2266 1194 2677 1261 interdictum
2741 1202 2857 1279 est,

408 1302 562 1386 quia
639 1311 744 1367 τοῦ
818 1312 1015 1368 κοινοῖ)
1090 1300 1449 1385 integritati
1522 1302 1898 1367 imminebat
1971 1303 2244 1386 rogatio.
2367 1303 2537 1370 Nam
2618 1303 2862 1369 multae

403 1408 676 1476 Athenis
737 1409 804 1473 in
862 1407 1332 1474 ordinariorum
1385 1407 1706 1475 redituum
1760 1429 2025 1476 numero
2090 1408 2464 1486 referuntur,
2539 1409 2859 1476 aerarium

406 1522 624 1582 autem
689 1514 1018 1601 publicum
1080 1520 1292 1580 ratum
1350 1514 1435 1581 sit
1493 1521 1763 1601 oportet.
1777 1517 1826 1597 ¹)
1920 1515 2036 1582 Sin
2089 1516 2234 1601 ipse
2298 1515 2553 1583 debitor
2614 1515 2859 1584 fiscalis

406 1623 854 1691 remissionem
917 1623 1208 1708 rogabat,
1273 1622 1482 1688 altera
1545 1644 1800 1707 quoque
1865 1643 2066 1690 causa
2131 1629 2328 1709 extat,
2393 1644 2506 1689 cur
2571 1623 2737 1709 ἀδείᾳ
2801 1623 2862 1690 01

408 1751 571 1816 opus
619 1731 830 1796 fuerit.
929 1731 1158 1816 Capite
1217 1729 1581 1797 deminutos
1639 1731 1811 1797 enim
1859 1730 2036 1817 apud
2084 1738 2381 1798 senatum
2425 1731 2860 1818 populumque

406 1839 606 1905 verba
688 1837 907 1905 facere
980 1838 1164 1922 leges
1237 1843 1489 1922 vetantt,
1583 1838 1803 1922 itaque
1892 1838 1949 1904 si
2031 1837 2176 1922 quis
2257 1839 2474 1926 ἄτιμος
2553 1838 2676 1905 hoc
2759 1838 2862 1904 ius

409 1944 532 2012 sibi
596 1951 879 2031 arrogat,
942 1981 1030 1993 -—
1094 1944 1151 2011 is
1217 1945 1326 2029 qui
1391 1946 1623 2012 civium
1688 1966 1955 2012 munera
2018 1946 2305 2031 improbe
2360 1945 2651 2030 neglexit
2686 1944 2861 2012 ideo-

410 2074 535 2136 que
580 2053 871 2139 impurus
918 2053 1130 2119 factus
1179 2058 1278 2120 est
1341 2091 1403 2099 —
1475 2053 1838 2120 contionem
1891 2053 2116 2139 populi
2160 2052 2393 2139 polluit
2440 2059 2504 2120 et
2551 2074 2864 2119 summam

407 2159 631 2246 populi
684 2165 1071 2245 potestatem
1118 2161 1338 2246 violat,
1397 2181 1526 2244 qua
1570 2159 1964 2246 prohibetur,
2023 2180 2106 2226 ne
2163 2160 2492 2226 civitatem
2549 2167 2862 2227 exerceat.

415 2266 626 2352 Atque
674 2266 848 2334 illius
894 2288 1126 2334 nomen
1153 2288 1271 2353 per
1298 2267 1532 2341 ἔνδειξιν
1563 2266 1801 2333 deferri
1828 2268 2014 2352 leges
2041 2268 2383 2354 iusserunt,
2432 2267 2489 2334 si
2515 2269 2708 2334 venia
2736 2289 2863 2334 non

340 2410 345 2414 ·
409 2395 722 2442 concessa
768 2375 1151 2459 rogavisset.
1244 2374 1496 2452 Quodsi
1541 2374 1838 2441 remissio
1886 2374 2251 2442 debitorum
2309 2374 2626 2441 eiusmodi
2672 2375 2864 2461 privi-

413 2483 652 2566 legium
685 2489 801 2569 est,
849 2503 974 2567 quo
1022 2487 1093 2548 τὸ
1139 2489 1330 2549 κοινόν
1378 2481 1715 2567 illegitime
1763 2481 2190 2568 deminuatur,
2203 2482 2251 2562 2)
2302 2481 2383 2549 de
2417 2503 2496 2548 ea
2524 2483 2864 2567 rogatione

408 2596 545 2656 tum
574 2589 829 2657 demum
858 2610 1056 2674 agere
1084 2590 1283 2670 licuit,
1332 2596 1680 2676 postquam
1716 2595 1893 2657 totus
1920 2590 2200 2676 populus
2231 2589 2501 2657 occultis
2533 2589 2865 2674 suffragiis

410 2861 598 2914 autem
636 2863 735 2926 est,
773 2860 919 2929 quod
955 2877 1066 2914 11011
1101 2861 1392 2929 probemus
1427 2859 1502 2925 id,
1541 2861 1688 2928 quod
1724 2860 2055 2914 Plutarchus
2091 2859 2280 2914 tradit.
2354 2859 2525 2914 Meier
2561 2877 2692 2914 sane
2739 2859 2868 2927 [11ᾶο

408 2950 534 3003 bon.
573 2949 789 3003 damus
831 2950 905 3018 (p.
949 2950 1069 3015 141)
1107 2953 1218 3004 not.
1260 2949 1387 3017 459]
1427 2949 1790 3003 Plutarchum
1827 2967 2031 3003 errasse
2069 2949 2206 3003 dicit
2241 2949 2327 3003 his
2364 2948 2568 3003 verbis:
2632 2949 2865 3002 »Narra-

409 3038 620 3093 tionem
655 3038 942 3093 Plutarchi
982 3081 992 3091 .
1035 3080 1047 3092 .
1086 3079 1099 3093 .
1138 3081 1150 3093 .
1190 3039 1390 3093 falsam
1426 3056 1540 3093 esse
1577 3038 1785 3108 duplici
1815 3042 1998 3108 potest
2026 3041 2354 3109 argumento
2384 3038 2550 3103 effici3
2588 3056 2721 3092 nam
2743 3056 2867 3093 cum

410 3145 577 3198 supra
628 3128 762 3195 [not.
802 3130 906 3182 435
954 3129 1083 3196 (11011
1121 3128 1270 3197 441)]
1318 3128 1729 3198 probaverimus
1774 3146 1920 3194 eum,
1968 3128 2066 3197 (1111
2111 3131 2198 3183 ter
2242 3126 2543 3199 παρανόμων
2589 3129 2869 3184 convictus

412 3220 570 3283 esset,
599 3235 665 3272 ea
691 3217 926 3273 infamia
952 3222 1210 3274 notatum
1238 3219 1420 3285 fuisse,
1460 3236 1573 3287 qua
1602 3237 1637 3273 a
1662 3217 1891 3273 dicendo
1918 3217 1979 3272 in
2006 3221 2202 3274 senatu
2236 3219 2550 3288 populoque
2577 3222 2869 3283 arceretur,

410 3308 682 3362 Demades
709 3325 820 3362 non
846 3308 1034 3377 potuit
1060 3308 1261 3377 septies
1288 3306 1589 3378 παρανόμων
1617 3307 1882 3373 convinci,
1922 3311 1979 3363 et
2007 3325 2147 3373 cum,
2186 3307 2453 3377 quamdiu
2481 3308 2605 3376 quis
2632 3308 2868 3362 multam

413 3397 519 3452 sibi
563 3397 882 3467 impositam
927 3398 1172 3453 nondum
1222 3397 1586 3468 pependisset,
1643 3394 1818 3467 ἄτιμος
1865 3399 2022 3463 esset,
2070 3414 2140 3452 ne
2185 3397 2256 3451 ad
2302 3397 2596 3453 secundam
2644 3397 2868 3465 quidem

413 3486 599 3556 potuit
626 3487 893 3542 Demades
916 3488 1265 3557 rogationem
1293 3486 1536 3553 admitti,
1577 3489 1878 3555 antequam
1907 3487 2144 3541 multam
2172 3487 2240 3541 ob
2263 3486 2502 3556 priorem
2523 3487 2871 3556 rogationem

413 3576 520 3630 sibi
555 3576 873 3646 impositam
911 3578 1286 3647 deposuerat«.
1350 3577 1456 3632 Sed
1493 3577 1670 3632 altera
1704 3576 1914 3631 nullius
1950 3576 2218 3631 momenti
2254 3594 2419 3631 causa
2445 3578 2544 3642 est,
2582 3579 2874 3646 propterea

415 3667 562 3735 quod
597 3667 832 3722 Demadi
868 3668 1034 3723 venia
1070 3670 1205 3723 data
1239 3668 1586 3738 rogationem
1625 3667 1763 3722 ferre
1801 3666 1989 3732 licuit;
2037 3666 2105 3722 cf.
2141 3668 2337 3722 verba:
2387 3662 2558 3717 ἄδειαν
2595 3664 2869 3736 εὑρόμενος.

414 3756 546 3810 Alia
581 3758 665 3811 est
702 3774 868 3812 causa
902 3757 1049 3812 vocis
1087 3755 1224 3808 ἑπτά.
1289 3758 1401 3812 Lex
1437 3759 1573 3823 erat,
1612 3759 1693 3823 ut,
1732 3756 1780 3810 si
1809 3756 1933 3826 quis
1970 3758 2250 3812 oratorum
2286 3758 2371 3811 ter
2408 3753 2709 3826 παρανόμων
2746 3772 2871 3810 0011-

413 3845 595 3900 victus
640 3848 798 3912 esset,
855 3846 1047 3915 aliqua
1102 3864 1169 3901 ex
1221 3850 1380 3917 parte
1435 3843 1609 3917 ἄτιμος
1656 3848 1813 3902 esset.
1889 3846 2236 3914 Quamquam
2281 3846 2385 3901 hoc
2427 3846 2657 3900 verbum
2706 3841 2867 3914 »τρὶςα

416 3934 626 3990 duobus
664 3937 889 3990 tantum
924 3935 1057 3991 10018
1094 3935 1173 4005 (et
1211 3937 1384 3991 altero
1416 3938 1532 3991 loco
1561 3935 1945 3991 emendatione
1970 3934 2314 4002 restitutum)
2351 3934 2649 4002 invenitur,
2682 3936 2874 3988 tamen

415 4023 620 4078 rectius
655 4024 875 4079 videtur
911 4043 1080 4093 quam
1117 4023 1255 4077 ἑπτά.
1315 4025 1623 4094 Analogiae
1658 4025 1777 4080 loco
1805 4024 1864 4078 id
1892 4038 2268 4088 commemorO,
2306 4023 2353 4077 si
2390 4023 2514 4093 quis
2550 4025 2635 4078 ter
2670 4023 2873 4077 falsum

415 4113 799 4168 testimonium
825 4114 1068 4181 dixisset,
1106 4115 1226 4185 ipso
1252 4115 1371 4170 iure
1399 4115 1582 4185 capite
1609 4114 1959 4169 deminutum
1988 4131 2115 4168 eum
2143 4114 2354 4169 factum
2382 4130 2520 4179 esse3
2560 4112 2625 4167 cf.
2646 4112 2875 4167 Platner

416 4204 456 4258 1.
495 4204 531 4257 1.
571 4204 598 4257 I
633 4204 740 4258 419
777 4222 855 4273 sq.
934 4205 1018 4258 Ad
1052 4209 1303 4260 nostrum
1340 4206 1521 4260 locum
1558 4205 1785 4260 Platner
1826 4203 1883 4272 [1.
1908 4204 1945 4258 l.
1978 4204 2005 4257 I
2040 4203 2169 4272 445]
2212 4203 2471 4258 adnotat:
2510 4221 2635 4258 cum
2672 4202 2735 4268 18,
2775 4203 2873 4271 (1111

416 4296 506 4348 ter
550 4292 852 4364 παρανόμων
891 4294 1171 4349 convictus
1209 4298 1365 4362 esset,
1414 4313 1449 4349 a
1494 4293 1721 4349 dicendo
1768 4293 1829 4348 in
1877 4296 2073 4348 senatu
2118 4293 2430 4364 populoque
2478 4294 2769 4358 arceretur,
2816 4291 2875 4345 in

417 4383 703 4438 Demaden
737 4384 882 4438 hanc
917 4385 1099 4454 legem
1133 4402 1245 4440 non
1283 4384 1594 4440 adhibitam
1630 4401 1745 4440 esse
1780 4401 1961 4453 posse3
2010 4401 2153 4453 quae
2198 4381 2476 4439 sententia
2518 4401 2630 4437 non
2674 4381 2873 4452 impro-

416 4473 622 4527 babilis
656 4472 891 4528 videtur.

606 4560 648 4630 ¹)
685 4580 736 4618 v.
776 4581 943 4632 supra
978 4582 1030 4633 p.
1071 4564 1157 4618 32.

606 4650 648 4719 ²)
685 4652 834 4706 Nam
888 4652 1096 4707 multas
1148 4653 1210 4707 in
1261 4651 1472 4709 reditus
1525 4652 1827 4709 ordinarios
1870 4653 1950 4708 rei
1999 4652 2253 4723 publicae
2300 4651 2507 4707 relatas
2551 4668 2664 4707 esse
2710 4668 2877 4721 supra

423 4743 539 4797 dixi
550 4765 565 4810 3
604 4742 768 4797 simul
805 4742 1089 4799 restitutio
1125 4743 1186 4798 in
1221 4743 1501 4815 integrum
1537 4742 1593 4794 τὸ
1630 4740 1795 4815 κύριον
1830 4744 2030 4810 violat3
2067 4761 2119 4801 v.
2158 4760 2325 4818 supra
2359 4761 2413 4817 p.
2450 4742 2537 4796 23.
