<?xml version="1.0" encoding="UTF-8"?>
<!DOCTYPE html PUBLIC "-//W3C//DTD XHTML 1.0 Transitional//EN"
    "http://www.w3.org/TR/xhtml1/DTD/xhtml1-transitional.dtd">
<html xmlns="http://www.w3.org/1999/xhtml" xml:lang="en" lang="en">
 <head>
  <title>
</title>
<meta http-equiv="Content-Type" content="text/html;charset=utf-8" />
  <meta name='ocr-system' content='tesseract 3.04.00' />
  <meta name='ocr-capabilities' content='ocr_page ocr_carea ocr_par ocr_line ocrx_word'/>
</head>
<body>
  <div class='ocr_page' id='page_1' title='image "./deadeiasnotione00goldgoog_0048.png"; bbox 0 0 3567 5392; ppageno 0'>
   <div class='ocr_carea' id='block_1_1' title="bbox 1915 437 2002 501">
    <p class='ocr_par' dir='ltr' id='par_1_1' title="bbox 1915 437 2002 501">
     <span class='ocr_line' id='line_1_1' title="bbox 1915 437 2002 501; baseline 0.023 -2"><span class='ocrx_word' id='word_1_1' title='bbox 1915 437 2002 501; x_wconf 85' lang='lat'>42</span> 
     </span>
    </p>
   </div>
   <div class='ocr_carea' id='block_1_2' title="bbox 1746 527 2172 534">
    <p class='ocr_par' dir='ltr' id='par_1_2' title="bbox 1746 527 2172 534">
     <span class='ocr_line' id='line_1_2' title="bbox 1746 527 2172 534; baseline 0 4858"><span class='ocrx_word' id='word_1_2' title='bbox 1746 527 2172 534; x_wconf 95' lang='lat' dir='ltr'> </span> 
     </span>
    </p>
   </div>
   <div class='ocr_carea' id='block_1_3' title="bbox 626 629 3208 2331">
    <p class='ocr_par' dir='ltr' id='par_1_3' title="bbox 626 629 3208 2331">
     <span class='ocr_line' id='line_1_3' title="bbox 732 629 3185 718; baseline 0 -22"><span class='ocrx_word' id='word_1_3' title='bbox 732 631 1081 716; x_wconf 80' lang='lat' dir='ltr'>pensiones</span> <span class='ocrx_word' id='word_1_4' title='bbox 1153 652 1312 698; x_wconf 85' lang='lat' dir='ltr'>voee</span> <span class='ocrx_word' id='word_1_5' title='bbox 1385 631 1605 705; x_wconf 77' lang='grc' dir='ltr'>τάξεων</span> <span class='ocrx_word' id='word_1_6' title='bbox 1626 629 1675 718; x_wconf 84' lang='lat'>¹)</span> <span class='ocrx_word' id='word_1_7' title='bbox 1751 631 2215 717; x_wconf 79' lang='lat' dir='ltr'>significantur,</span> <span class='ocrx_word' id='word_1_8' title='bbox 2291 638 2355 699; x_wconf 92' lang='lat' dir='ltr'>et</span> <span class='ocrx_word' id='word_1_9' title='bbox 2428 631 2504 712; x_wconf 88' lang='lat' dir='ltr'>ii,</span> <span class='ocrx_word' id='word_1_10' title='bbox 2581 633 2689 715; x_wconf 91' lang='lat' dir='ltr'>qui</span> <span class='ocrx_word' id='word_1_11' title='bbox 2764 632 2979 718; x_wconf 87' lang='lat' dir='ltr'>spatia</span> <span class='ocrx_word' id='word_1_12' title='bbox 3060 631 3185 699; x_wconf 91' lang='lat' dir='ltr'>sibi</span> 
     </span>
     <span class='ocr_line' id='line_1_4' title="bbox 737 736 2097 827; baseline 0 -22"><span class='ocrx_word' id='word_1_13' title='bbox 737 743 1044 824; x_wconf 82' lang='lat' dir='ltr'>statuunt,</span> <span class='ocrx_word' id='word_1_14' title='bbox 1093 738 1539 825; x_wconf 77' lang='lat' dir='ltr'>appellantur:</span> <span class='ocrx_word' id='word_1_15' title='bbox 1589 736 1644 804; x_wconf 86' lang='grc' dir='ltr'>οἱ</span> <span class='ocrx_word' id='word_1_16' title='bbox 1688 739 2025 827; x_wconf 77' lang='grc' dir='ltr'><strong>ταξάμενοι.</strong></span> <span class='ocrx_word' id='word_1_17' title='bbox 2047 739 2097 820; x_wconf 77' lang='lat'>²)</span> 
     </span>
     <span class='ocr_line' id='line_1_5' title="bbox 910 845 3183 933; baseline -0 -22"><span class='ocrx_word' id='word_1_18' title='bbox 910 845 1141 930; x_wconf 91' lang='lat' dir='ltr'>Itaque</span> <span class='ocrx_word' id='word_1_19' title='bbox 1186 853 1260 913; x_wconf 91' lang='lat' dir='ltr'>ut</span> <span class='ocrx_word' id='word_1_20' title='bbox 1302 846 1535 932; x_wconf 78' lang='lat' dir='ltr'>paucis</span> <span class='ocrx_word' id='word_1_21' title='bbox 1584 846 1994 933; x_wconf 78' lang='lat' dir='ltr'>complectar,</span> <span class='ocrx_word' id='word_1_22' title='bbox 2043 866 2213 930; x_wconf 94' lang='lat' dir='ltr'>quae</span> <span class='ocrx_word' id='word_1_23' title='bbox 2261 845 2640 930; x_wconf 82' lang='lat' dir='ltr'><strong>singillatim</strong></span> <span class='ocrx_word' id='word_1_24' title='bbox 2675 845 2975 932; x_wconf 83' lang='lat' dir='ltr'>exposita</span> <span class='ocrx_word' id='word_1_25' title='bbox 3004 852 3183 913; x_wconf 86' lang='lat' dir='ltr'>sunt:</span> 
     </span>
     <span class='ocr_line' id='line_1_6' title="bbox 734 951 3188 1040; baseline -0 -22"><span class='ocrx_word' id='word_1_26' title='bbox 734 953 904 1019; x_wconf 83' lang='grc' dir='ltr'>ἄδεια</span> <span class='ocrx_word' id='word_1_27' title='bbox 949 951 1071 1019; x_wconf 84' lang='lat' dir='ltr'>fuit</span> <span class='ocrx_word' id='word_1_28' title='bbox 1118 952 1543 1040; x_wconf 88' lang='lat' dir='ltr'>impetranda,</span> <span class='ocrx_word' id='word_1_29' title='bbox 1602 954 1658 1020; x_wconf 88' lang='lat' dir='ltr'>si</span> <span class='ocrx_word' id='word_1_30' title='bbox 1704 954 1848 1038; x_wconf 88' lang='lat' dir='ltr'>quis</span> <span class='ocrx_word' id='word_1_31' title='bbox 1895 959 2239 1038; x_wconf 83' lang='lat' dir='ltr'>rogaturus</span> <span class='ocrx_word' id='word_1_32' title='bbox 2288 958 2479 1039; x_wconf 89' lang='lat' dir='ltr'>esset,</span> <span class='ocrx_word' id='word_1_33' title='bbox 2535 959 2606 1019; x_wconf 92' lang='lat' dir='ltr'>ut</span> <span class='ocrx_word' id='word_1_34' title='bbox 2650 959 2854 1019; x_wconf 90' lang='lat' dir='ltr'>totum</span> <span class='ocrx_word' id='word_1_35' title='bbox 2901 952 3188 1021; x_wconf 88' lang='lat' dir='ltr'>debitum</span> 
     </span>
     <span class='ocr_line' id='line_1_7' title="bbox 626 1044 3186 1147; baseline 0 -22"><span class='ocrx_word' id='word_1_36' title='bbox 626 1044 637 1054; x_wconf 70' lang='grc'><strong><em>’</em></strong></span> <span class='ocrx_word' id='word_1_37' title='bbox 735 1060 1012 1127; x_wconf 81' lang='lat' dir='ltr'><strong>debitori</strong></span> <span class='ocrx_word' id='word_1_38' title='bbox 1070 1061 1308 1127; x_wconf 90' lang='lat' dir='ltr'>aerarii</span> <span class='ocrx_word' id='word_1_39' title='bbox 1361 1060 1793 1128; x_wconf 76' lang='lat' dir='ltr'>remitteretur</span> <span class='ocrx_word' id='word_1_40' title='bbox 1849 1067 1963 1127; x_wconf 91' lang='lat' dir='ltr'>aut</span> <span class='ocrx_word' id='word_1_41' title='bbox 2018 1060 2364 1147; x_wconf 79' lang='lat' dir='ltr'>pensiones</span> <span class='ocrx_word' id='word_1_42' title='bbox 2422 1081 2463 1126; x_wconf 92' lang='lat' dir='ltr'>a</span> <span class='ocrx_word' id='word_1_43' title='bbox 2520 1061 2759 1146; x_wconf 89' lang='lat' dir='ltr'>populo</span> <span class='ocrx_word' id='word_1_44' title='bbox 2817 1080 3186 1146; x_wconf 82' lang='lat' dir='ltr'>eoneessae,</span> 
     </span>
     <span class='ocr_line' id='line_1_8' title="bbox 734 1166 3187 1254; baseline -0.001 -19"><span class='ocrx_word' id='word_1_45' title='bbox 734 1169 873 1235; x_wconf 85' lang='lat' dir='ltr'>sive</span> <span class='ocrx_word' id='word_1_46' title='bbox 921 1167 1173 1234; x_wconf 90' lang='lat' dir='ltr'>debitor</span> <span class='ocrx_word' id='word_1_47' title='bbox 1218 1169 1363 1254; x_wconf 90' lang='lat' dir='ltr'>ipse</span> <span class='ocrx_word' id='word_1_48' title='bbox 1408 1168 1812 1252; x_wconf 86' lang='lat' dir='ltr'>rogationem</span> <span class='ocrx_word' id='word_1_49' title='bbox 1858 1167 2107 1235; x_wconf 90' lang='lat' dir='ltr'>laturus</span> <span class='ocrx_word' id='word_1_50' title='bbox 2157 1174 2297 1234; x_wconf 91' lang='lat' dir='ltr'>erat</span> <span class='ocrx_word' id='word_1_51' title='bbox 2344 1167 2481 1235; x_wconf 86' lang='lat' dir='ltr'>sive</span> <span class='ocrx_word' id='word_1_52' title='bbox 2529 1166 2698 1234; x_wconf 91' lang='lat' dir='ltr'>alius</span> <span class='ocrx_word' id='word_1_53' title='bbox 2730 1167 2881 1251; x_wconf 88' lang='lat' dir='ltr'>quis</span> <span class='ocrx_word' id='word_1_54' title='bbox 2908 1188 3026 1253; x_wconf 91' lang='lat' dir='ltr'>pro</span> <span class='ocrx_word' id='word_1_55' title='bbox 3057 1167 3187 1233; x_wconf 90' lang='lat' dir='ltr'>illo.</span> 
     </span>
     <span class='ocr_line' id='line_1_9' title="bbox 732 1274 3180 1361; baseline -0.002 -18"><span class='ocrx_word' id='word_1_56' title='bbox 732 1276 1027 1358; x_wconf 89' lang='lat' dir='ltr'>Namque</span> <span class='ocrx_word' id='word_1_57' title='bbox 1093 1275 1286 1341; x_wconf 91' lang='lat' dir='ltr'>etiam</span> <span class='ocrx_word' id='word_1_58' title='bbox 1343 1275 1617 1342; x_wconf 87' lang='lat' dir='ltr'>debitori</span> <span class='ocrx_word' id='word_1_59' title='bbox 1672 1275 1885 1343; x_wconf 80' lang='lat' dir='ltr'>fiscali</span> <span class='ocrx_word' id='word_1_60' title='bbox 1939 1275 2069 1361; x_wconf 87' lang='lat' dir='ltr'>ipsi</span> <span class='ocrx_word' id='word_1_61' title='bbox 2124 1276 2383 1342; x_wconf 85' lang='lat' dir='ltr'>veniam</span> <span class='ocrx_word' id='word_1_62' title='bbox 2438 1274 2716 1359; x_wconf 86' lang='lat' dir='ltr'>rogandi</span> <span class='ocrx_word' id='word_1_63' title='bbox 2772 1281 2837 1341; x_wconf 91' lang='lat' dir='ltr'>et</span> <span class='ocrx_word' id='word_1_64' title='bbox 2891 1274 3017 1340; x_wconf 90' lang='lat' dir='ltr'>hae</span> <span class='ocrx_word' id='word_1_65' title='bbox 3070 1274 3180 1339; x_wconf 91' lang='lat' dir='ltr'>im-</span> 
     </span>
     <span class='ocr_line' id='line_1_10' title="bbox 732 1382 3183 1469; baseline -0.001 -20"><span class='ocrx_word' id='word_1_66' title='bbox 732 1389 990 1469; x_wconf 91' lang='lat' dir='ltr'>petrata</span> <span class='ocrx_word' id='word_1_67' title='bbox 1062 1382 1504 1450; x_wconf 89' lang='lat' dir='ltr'>remissionem</span> <span class='ocrx_word' id='word_1_68' title='bbox 1597 1382 1801 1450; x_wconf 91' lang='lat' dir='ltr'>debiti</span> <span class='ocrx_word' id='word_1_69' title='bbox 1887 1404 1928 1448; x_wconf 99' lang='lat' dir='ltr'>a</span> <span class='ocrx_word' id='word_1_70' title='bbox 2017 1382 2257 1469; x_wconf 93' lang='lat' dir='ltr'>populo</span> <span class='ocrx_word' id='word_1_71' title='bbox 2330 1388 2555 1469; x_wconf 91' lang='lat' dir='ltr'>petere</span> <span class='ocrx_word' id='word_1_72' title='bbox 2624 1382 2893 1449; x_wconf 90' lang='lat' dir='ltr'>lieuisse</span> <span class='ocrx_word' id='word_1_73' title='bbox 2986 1402 3183 1468; x_wconf 88' lang='lat' dir='ltr'>supra</span> 
     </span>
     <span class='ocr_line' id='line_1_11' title="bbox 735 1488 3184 1578; baseline -0 -22"><span class='ocrx_word' id='word_1_74' title='bbox 735 1488 824 1576; x_wconf 92' lang='lat' dir='ltr'>(p.</span> <span class='ocrx_word' id='word_1_75' title='bbox 883 1492 969 1557; x_wconf 86' lang='grc'>24</span> <span class='ocrx_word' id='word_1_76' title='bbox 1033 1492 1152 1574; x_wconf 89' lang='lat' dir='ltr'>sq.)</span> <span class='ocrx_word' id='word_1_77' title='bbox 1220 1489 1374 1556; x_wconf 86' lang='lat' dir='ltr'><strong>dixi.</strong></span> <span class='ocrx_word' id='word_1_78' title='bbox 1482 1490 1637 1557; x_wconf 88' lang='lat' dir='ltr'>Cum</span> <span class='ocrx_word' id='word_1_79' title='bbox 1702 1496 1919 1556; x_wconf 92' lang='lat' dir='ltr'>autem</span> <span class='ocrx_word' id='word_1_80' title='bbox 1981 1489 2155 1556; x_wconf 92' lang='lat' dir='ltr'>idem</span> <span class='ocrx_word' id='word_1_81' title='bbox 2224 1490 2437 1578; x_wconf 82' lang='grc' dir='ltr'>ἄτιμος</span> <span class='ocrx_word' id='word_1_82' title='bbox 2510 1495 2706 1575; x_wconf 90' lang='lat' dir='ltr'>atque</span> <span class='ocrx_word' id='word_1_83' title='bbox 2778 1489 3184 1573; x_wconf 86' lang='lat' dir='ltr'>negotiorum</span> 
     </span>
     <span class='ocr_line' id='line_1_12' title="bbox 734 1596 3185 1684; baseline 0 -21"><span class='ocrx_word' id='word_1_84' title='bbox 734 1596 1131 1683; x_wconf 81' lang='lat' dir='ltr'>publicorum</span> <span class='ocrx_word' id='word_1_85' title='bbox 1199 1618 1431 1684; x_wconf 84' lang='lat' dir='ltr'>expers</span> <span class='ocrx_word' id='word_1_86' title='bbox 1496 1598 1599 1679; x_wconf 87' lang='lat' dir='ltr'>sit,</span> <span class='ocrx_word' id='word_1_87' title='bbox 1668 1598 1749 1663; x_wconf 94' lang='lat' dir='ltr'>ob</span> <span class='ocrx_word' id='word_1_88' title='bbox 1813 1597 1981 1663; x_wconf 86' lang='lat' dir='ltr'>hane</span> <span class='ocrx_word' id='word_1_89' title='bbox 2037 1618 2292 1682; x_wconf 92' lang='lat' dir='ltr'>quoque</span> <span class='ocrx_word' id='word_1_90' title='bbox 2356 1618 2621 1664; x_wconf 86' lang='lat' dir='ltr'>oausam</span> <span class='ocrx_word' id='word_1_91' title='bbox 2680 1598 2741 1663; x_wconf 93' lang='lat' dir='ltr'>ei</span> <span class='ocrx_word' id='word_1_92' title='bbox 2804 1596 3185 1683; x_wconf 89' lang='lat' dir='ltr'>impunitate</span> 
     </span>
     <span class='ocr_line' id='line_1_13' title="bbox 732 1703 3187 1791; baseline 0 -22"><span class='ocrx_word' id='word_1_93' title='bbox 732 1704 1009 1789; x_wconf 84' lang='lat' dir='ltr'>rogandi</span> <span class='ocrx_word' id='word_1_94' title='bbox 1075 1725 1236 1791; x_wconf 89' lang='lat' dir='ltr'>opus</span> <span class='ocrx_word' id='word_1_95' title='bbox 1303 1705 1499 1784; x_wconf 79' lang='lat' dir='ltr'>fuit.³)</span> <span class='ocrx_word' id='word_1_96' title='bbox 1613 1705 1854 1775; x_wconf 88' lang='lat' dir='ltr'>Verum</span> <span class='ocrx_word' id='word_1_97' title='bbox 1921 1705 1978 1772; x_wconf 95' lang='lat' dir='ltr'>si</span> <span class='ocrx_word' id='word_1_98' title='bbox 2034 1704 2311 1791; x_wconf 91' lang='lat' dir='ltr'>populus</span> <span class='ocrx_word' id='word_1_99' title='bbox 2367 1704 2560 1771; x_wconf 85' lang='lat' dir='ltr'>venia</span> <span class='ocrx_word' id='word_1_100' title='bbox 2617 1704 2775 1770; x_wconf 90' lang='lat' dir='ltr'>data</span> <span class='ocrx_word' id='word_1_101' title='bbox 2830 1703 3034 1770; x_wconf 91' lang='lat' dir='ltr'>debiti</span> <span class='ocrx_word' id='word_1_102' title='bbox 3090 1725 3187 1770; x_wconf 88' lang='lat' dir='ltr'>re·</span> 
     </span>
     <span class='ocr_line' id='line_1_14' title="bbox 692 1798 3189 1898; baseline 0 -22"><span class='ocrx_word' id='word_1_103' title='bbox 692 1798 696 1803; x_wconf 61' lang='grc'><strong>’</strong></span> <span class='ocrx_word' id='word_1_104' title='bbox 733 1811 1107 1879; x_wconf 90' lang='lat' dir='ltr'>missionem</span> <span class='ocrx_word' id='word_1_105' title='bbox 1154 1811 1460 1895; x_wconf 79' lang='lat' dir='ltr'>decrevit,</span> <span class='ocrx_word' id='word_1_106' title='bbox 1519 1833 1662 1879; x_wconf 87' lang='lat' dir='ltr'>eum</span> <span class='ocrx_word' id='word_1_107' title='bbox 1706 1812 1833 1878; x_wconf 85' lang='lat' dir='ltr'>hae</span> <span class='ocrx_word' id='word_1_108' title='bbox 1889 1813 2087 1878; x_wconf 92' lang='lat' dir='ltr'>etiam</span> <span class='ocrx_word' id='word_1_109' title='bbox 2131 1812 2454 1878; x_wconf 87' lang='lat' dir='ltr'>restitutio</span> <span class='ocrx_word' id='word_1_110' title='bbox 2511 1813 2578 1877; x_wconf 93' lang='lat' dir='ltr'>in</span> <span class='ocrx_word' id='word_1_111' title='bbox 2624 1812 2904 1898; x_wconf 91' lang='lat' dir='ltr'>priorem</span> <span class='ocrx_word' id='word_1_112' title='bbox 2951 1816 3189 1877; x_wconf 90' lang='lat' dir='ltr'>statum</span> 
     </span>
     <span class='ocr_line' id='line_1_15' title="bbox 735 1918 3208 2006; baseline -0.001 -20"><span class='ocrx_word' id='word_1_113' title='bbox 735 1920 1076 1987; x_wconf 87' lang='lat' dir='ltr'>eoniuneta</span> <span class='ocrx_word' id='word_1_114' title='bbox 1125 1927 1242 2001; x_wconf 87' lang='lat' dir='ltr'>est,</span> <span class='ocrx_word' id='word_1_115' title='bbox 1292 1920 1362 1986; x_wconf 95' lang='lat' dir='ltr'>id</span> <span class='ocrx_word' id='word_1_116' title='bbox 1408 1921 1580 2005; x_wconf 91' lang='lat' dir='ltr'>quod</span> <span class='ocrx_word' id='word_1_117' title='bbox 1628 1920 1694 1986; x_wconf 95' lang='lat' dir='ltr'>in</span> <span class='ocrx_word' id='word_1_118' title='bbox 1740 1919 2132 1987; x_wconf 79' lang='lat' dir='ltr'>Patroclidis</span> <span class='ocrx_word' id='word_1_119' title='bbox 2178 1920 2621 2006; x_wconf 87' lang='lat' dir='ltr'>psephismate</span> <span class='ocrx_word' id='word_1_120' title='bbox 2669 1918 2911 1986; x_wconf 88' lang='lat' dir='ltr'>diserte</span> <span class='ocrx_word' id='word_1_121' title='bbox 2957 1918 3208 1993; x_wconf 89' lang='lat' dir='ltr'>dieitur</span> 
     </span>
     <span class='ocr_line' id='line_1_16' title="bbox 733 2026 3191 2114; baseline -0.001 -21"><span class='ocrx_word' id='word_1_122' title='bbox 733 2027 921 2112; x_wconf 91' lang='lat' dir='ltr'>[And.</span> <span class='ocrx_word' id='word_1_123' title='bbox 972 2027 1056 2094; x_wconf 92' lang='lat' dir='ltr'>de</span> <span class='ocrx_word' id='word_1_124' title='bbox 1100 2034 1291 2114; x_wconf 85' lang='lat' dir='ltr'>myst.</span> <span class='ocrx_word' id='word_1_125' title='bbox 1344 2032 1384 2110; x_wconf 66' lang='grc' dir='ltr'>ἓ</span> <span class='ocrx_word' id='word_1_126' title='bbox 1436 2030 1561 2114; x_wconf 79' lang='grc' dir='ltr'><strong>ῖ8].</strong></span> <span class='ocrx_word' id='word_1_127' title='bbox 1656 2028 1895 2094; x_wconf 83' lang='lat' dir='ltr'>Contra</span> <span class='ocrx_word' id='word_1_128' title='bbox 1942 2027 2340 2095; x_wconf 79' lang='lat' dir='ltr'>debitoribus</span> <span class='ocrx_word' id='word_1_129' title='bbox 2398 2027 2652 2113; x_wconf 84' lang='lat' dir='ltr'>aerarii,</span> <span class='ocrx_word' id='word_1_130' title='bbox 2720 2026 2952 2112; x_wconf 89' lang='lat' dir='ltr'>quibus</span> <span class='ocrx_word' id='word_1_131' title='bbox 2998 2028 3191 2093; x_wconf 84' lang='lat' dir='ltr'>venia</span> 
     </span>
     <span class='ocr_line' id='line_1_17' title="bbox 735 2134 3190 2223; baseline -0.001 -22"><span class='ocrx_word' id='word_1_132' title='bbox 735 2134 893 2202; x_wconf 90' lang='lat' dir='ltr'>data</span> <span class='ocrx_word' id='word_1_133' title='bbox 965 2137 1166 2202; x_wconf 85' lang='lat' dir='ltr'>verba</span> <span class='ocrx_word' id='word_1_134' title='bbox 1238 2136 1454 2203; x_wconf 88' lang='lat' dir='ltr'>faeere</span> <span class='ocrx_word' id='word_1_135' title='bbox 1528 2137 1596 2202; x_wconf 93' lang='lat' dir='ltr'>in</span> <span class='ocrx_word' id='word_1_136' title='bbox 1670 2136 1945 2203; x_wconf 83' lang='lat' dir='ltr'>comitiis</span> <span class='ocrx_word' id='word_1_137' title='bbox 2018 2135 2226 2223; x_wconf 79' lang='lat' dir='ltr'>licuit,</span> <span class='ocrx_word' id='word_1_138' title='bbox 2300 2135 2588 2202; x_wconf 91' lang='lat' dir='ltr'>debitum</span> <span class='ocrx_word' id='word_1_139' title='bbox 2651 2155 2780 2201; x_wconf 94' lang='lat' dir='ltr'>non</span> <span class='ocrx_word' id='word_1_140' title='bbox 2854 2135 3190 2202; x_wconf 89' lang='lat' dir='ltr'>remissum</span> 
     </span>
     <span class='ocr_line' id='line_1_18' title="bbox 734 2241 1170 2331; baseline 0.005 -21"><span class='ocrx_word' id='word_1_141' title='bbox 734 2264 882 2310; x_wconf 91' lang='lat' dir='ltr'>esse</span> <span class='ocrx_word' id='word_1_142' title='bbox 926 2241 1170 2331; x_wconf 75' lang='lat' dir='ltr'>puto.4)</span> 
     </span>
    </p>
   </div>
   <div class='ocr_carea' id='block_1_4' title="bbox 734 2409 1159 2417">
    <p class='ocr_par' dir='ltr' id='par_1_4' title="bbox 734 2409 1159 2417">
     <span class='ocr_line' id='line_1_19' title="bbox 734 2409 1159 2417; baseline 0 0"><span class='ocrx_word' id='word_1_143' title='bbox 734 2409 1159 2417; x_wconf 95' lang='lat' dir='ltr'> </span> 
     </span>
    </p>
   </div>
   <div class='ocr_carea' id='block_1_5' title="bbox 732 2491 3200 4805">
    <p class='ocr_par' dir='ltr' id='par_1_5' title="bbox 735 2491 3191 2652">
     <span class='ocr_line' id='line_1_20' title="bbox 738 2491 3191 2565; baseline -0.001 -17"><span class='ocrx_word' id='word_1_144' title='bbox 738 2494 937 2562; x_wconf 90' lang='lat' dir='ltr'>[Dem.]</span> <span class='ocrx_word' id='word_1_145' title='bbox 979 2497 1118 2551; x_wconf 87' lang='lat' dir='ltr'>orat.</span> <span class='ocrx_word' id='word_1_146' title='bbox 1166 2495 1335 2550; x_wconf 88' lang='lat' dir='ltr'>XXV.</span> <span class='ocrx_word' id='word_1_147' title='bbox 1411 2495 1665 2550; x_wconf 85' lang='lat' dir='ltr'>Ceterum</span> <span class='ocrx_word' id='word_1_148' title='bbox 1711 2495 1983 2550; x_wconf 88' lang='lat' dir='ltr'>debitores</span> <span class='ocrx_word' id='word_1_149' title='bbox 2021 2491 2185 2565; x_wconf 81' lang='grc' dir='ltr'>ἄτιμοι</span> <span class='ocrx_word' id='word_1_150' title='bbox 2221 2497 2467 2561; x_wconf 88' lang='lat' dir='ltr'>manent,</span> <span class='ocrx_word' id='word_1_151' title='bbox 2516 2494 2687 2549; x_wconf 86' lang='lat' dir='ltr'>donee</span> <span class='ocrx_word' id='word_1_152' title='bbox 2721 2496 2906 2549; x_wconf 91' lang='lat' dir='ltr'>totum</span> <span class='ocrx_word' id='word_1_153' title='bbox 2943 2492 3191 2547; x_wconf 90' lang='lat' dir='ltr'>debitum</span> 
     </span>
     <span class='ocr_line' id='line_1_21' title="bbox 735 2585 1393 2652; baseline 0 -14"><span class='ocrx_word' id='word_1_154' title='bbox 735 2601 968 2652; x_wconf 87' lang='lat' dir='ltr'>pensum</span> <span class='ocrx_word' id='word_1_155' title='bbox 1007 2587 1090 2639; x_wconf 85' lang='lat' dir='ltr'>est</span> <span class='ocrx_word' id='word_1_156' title='bbox 1105 2607 1118 2650; x_wconf 92' lang='lat'>;</span> <span class='ocrx_word' id='word_1_157' title='bbox 1157 2586 1222 2640; x_wconf 86' lang='lat' dir='ltr'>ef.</span> <span class='ocrx_word' id='word_1_158' title='bbox 1260 2585 1393 2638; x_wconf 89' lang='lat' dir='ltr'>ibid.</span> 
     </span>
    </p>

    <p class='ocr_par' dir='ltr' id='par_1_6' title="bbox 739 2669 3189 2833">
     <span class='ocr_line' id='line_1_22' title="bbox 916 2669 3189 2744; baseline -0.001 -16"><span class='ocrx_word' id='word_1_159' title='bbox 916 2670 964 2740; x_wconf 86' lang='lat'>¹)</span> <span class='ocrx_word' id='word_1_160' title='bbox 1003 2673 1071 2728; x_wconf 84' lang='lat' dir='ltr'>ef.</span> <span class='ocrx_word' id='word_1_161' title='bbox 1100 2673 1334 2743; x_wconf 79' lang='lat' dir='ltr'>Hesyoh.</span> <span class='ocrx_word' id='word_1_162' title='bbox 1374 2691 1414 2728; x_wconf 79' lang='lat' dir='ltr'>s,</span> <span class='ocrx_word' id='word_1_163' title='bbox 1443 2691 1494 2730; x_wconf 85' lang='lat' dir='ltr'>v.</span> <span class='ocrx_word' id='word_1_164' title='bbox 1523 2672 1683 2734; x_wconf 77' lang='grc' dir='ltr'>τάξιςε</span> <span class='ocrx_word' id='word_1_165' title='bbox 1722 2671 1762 2743; x_wconf 78' lang='grc' dir='ltr'><strong>ἡ</strong></span> <span class='ocrx_word' id='word_1_166' title='bbox 1800 2670 1876 2724; x_wconf 73' lang='grc' dir='ltr'>ἐπὶ</span> <span class='ocrx_word' id='word_1_167' title='bbox 1914 2670 2249 2744; x_wconf 78' lang='grc' dir='ltr'>ὀφειλομένοις</span> <span class='ocrx_word' id='word_1_168' title='bbox 2287 2671 2521 2743; x_wconf 77' lang='grc' dir='ltr'>χρήμασι</span> <span class='ocrx_word' id='word_1_169' title='bbox 2556 2669 2854 2743; x_wconf 72' lang='grc' dir='ltr'>καταβολῆς</span> <span class='ocrx_word' id='word_1_170' title='bbox 2891 2672 3189 2727; x_wconf 86' lang='lat' dir='ltr'>Fraenkel:</span> 
     </span>
     <span class='ocr_line' id='line_1_23' title="bbox 739 2761 2077 2833; baseline 0.001 -17"><span class='ocrx_word' id='word_1_171' title='bbox 739 2761 872 2816; x_wconf 83' lang='lat' dir='ltr'>»Die</span> <span class='ocrx_word' id='word_1_172' title='bbox 909 2765 1013 2817; x_wconf 89' lang='lat' dir='ltr'>att.</span> <span class='ocrx_word' id='word_1_173' title='bbox 1056 2763 1635 2833; x_wconf 82' lang='lat' dir='ltr'>Gesohworenenger.«</span> <span class='ocrx_word' id='word_1_174' title='bbox 1676 2782 1729 2832; x_wconf 87' lang='lat' dir='ltr'>p.</span> <span class='ocrx_word' id='word_1_175' title='bbox 1772 2766 1835 2818; x_wconf 81' lang='lat'>17</span> <span class='ocrx_word' id='word_1_176' title='bbox 1874 2766 1988 2818; x_wconf 90' lang='lat' dir='ltr'>not.</span> <span class='ocrx_word' id='word_1_177' title='bbox 2033 2764 2077 2818; x_wconf 91' lang='lat'>1.</span> 
     </span>
    </p>

    <p class='ocr_par' dir='ltr' id='par_1_7' title="bbox 732 2848 3194 3723">
     <span class='ocr_line' id='line_1_24' title="bbox 917 2848 3193 2921; baseline -0.002 -14"><span class='ocrx_word' id='word_1_178' title='bbox 917 2849 959 2920; x_wconf 79' lang='lat'>²)</span> <span class='ocrx_word' id='word_1_179' title='bbox 997 2852 1063 2907; x_wconf 85' lang='lat' dir='ltr'>ef.</span> <span class='ocrx_word' id='word_1_180' title='bbox 1104 2853 1273 2908; x_wconf 86' lang='lat' dir='ltr'>Thuo.</span> <span class='ocrx_word' id='word_1_181' title='bbox 1311 2854 1338 2907; x_wconf 99' lang='grc' dir='ltr'>Ι</span> <span class='ocrx_word' id='word_1_182' title='bbox 1378 2853 1495 2917; x_wconf 81' lang='lat'>117,</span> <span class='ocrx_word' id='word_1_183' title='bbox 1535 2854 1584 2907; x_wconf 89' lang='lat'>3.</span> <span class='ocrx_word' id='word_1_184' title='bbox 1632 2854 1713 2907; x_wconf 89' lang='lat' dir='ltr'>HI</span> <span class='ocrx_word' id='word_1_185' title='bbox 1759 2853 1844 2918; x_wconf 85' lang='lat'>70,</span> <span class='ocrx_word' id='word_1_186' title='bbox 1892 2854 1939 2906; x_wconf 91' lang='lat'>5.</span> <span class='ocrx_word' id='word_1_187' title='bbox 1996 2882 2067 2890; x_wconf 90' lang='lat'><strong>—</strong></span> <span class='ocrx_word' id='word_1_188' title='bbox 2120 2853 2243 2908; x_wconf 85' lang='lat' dir='ltr'>Vox</span> <span class='ocrx_word' id='word_1_189' title='bbox 2285 2849 2475 2912; x_wconf 80' lang='grc' dir='ltr'>τάξεως</span> <span class='ocrx_word' id='word_1_190' title='bbox 2525 2851 2621 2920; x_wconf 88' lang='lat' dir='ltr'>(so.</span> <span class='ocrx_word' id='word_1_191' title='bbox 2669 2856 2756 2902; x_wconf 83' lang='grc' dir='ltr'>τοῦ</span> <span class='ocrx_word' id='word_1_192' title='bbox 2802 2848 2974 2921; x_wconf 81' lang='grc' dir='ltr'>φόρου)</span> <span class='ocrx_word' id='word_1_193' title='bbox 3021 2850 3193 2906; x_wconf 86' lang='lat' dir='ltr'>etiam</span> 
     </span>
     <span class='ocr_line' id='line_1_25' title="bbox 733 2939 3193 3012; baseline -0.001 -17"><span class='ocrx_word' id='word_1_194' title='bbox 733 2941 1068 2996; x_wconf 90' lang='lat' dir='ltr'>tributorum</span> <span class='ocrx_word' id='word_1_195' title='bbox 1102 2943 1390 3012; x_wconf 88' lang='lat' dir='ltr'>pensiones</span> <span class='ocrx_word' id='word_1_196' title='bbox 1428 2940 1722 3012; x_wconf 85' lang='lat' dir='ltr'>signifieat,</span> <span class='ocrx_word' id='word_1_197' title='bbox 1771 2946 1829 2997; x_wconf 91' lang='lat' dir='ltr'>et</span> <span class='ocrx_word' id='word_1_198' title='bbox 1877 2939 1925 2992; x_wconf 81' lang='grc' dir='ltr'>οἱ</span> <span class='ocrx_word' id='word_1_199' title='bbox 1959 2940 2227 3011; x_wconf 80' lang='grc' dir='ltr'>ταξάμενοι</span> <span class='ocrx_word' id='word_1_200' title='bbox 2271 2942 2315 2996; x_wconf 91' lang='lat' dir='ltr'>ii</span> <span class='ocrx_word' id='word_1_201' title='bbox 2359 2942 2492 2998; x_wconf 83' lang='lat' dir='ltr'>soc-ii</span> <span class='ocrx_word' id='word_1_202' title='bbox 2537 2942 2905 3011; x_wconf 85' lang='lat' dir='ltr'>appellantur,</span> <span class='ocrx_word' id='word_1_203' title='bbox 2953 2941 3049 3009; x_wconf 90' lang='lat' dir='ltr'>qui</span> <span class='ocrx_word' id='word_1_204' title='bbox 3085 2939 3193 3009; x_wconf 84' lang='lat' dir='ltr'>ipsi</span> 
     </span>
     <span class='ocr_line' id='line_1_26' title="bbox 734 3028 3194 3101; baseline -0.001 -16"><span class='ocrx_word' id='word_1_205' title='bbox 734 3049 956 3085; x_wconf 82' lang='lat' dir='ltr'>censum</span> <span class='ocrx_word' id='word_1_206' title='bbox 993 3031 1279 3097; x_wconf 83' lang='lat' dir='ltr'>deferunt3</span> <span class='ocrx_word' id='word_1_207' title='bbox 1317 3031 1384 3086; x_wconf 85' lang='lat' dir='ltr'>of.</span> <span class='ocrx_word' id='word_1_208' title='bbox 1416 3031 1557 3086; x_wconf 86' lang='lat' dir='ltr'>CJA.</span> <span class='ocrx_word' id='word_1_209' title='bbox 1587 3033 1614 3086; x_wconf 99' lang='grc' dir='ltr'>Ι</span> <span class='ocrx_word' id='word_1_210' title='bbox 1634 3033 1736 3085; x_wconf 85' lang='grc'>243</span> <span class='ocrx_word' id='word_1_211' title='bbox 1756 3030 1878 3100; x_wconf 90' lang='lat' dir='ltr'><strong>(VI)</strong></span> <span class='ocrx_word' id='word_1_212' title='bbox 1906 3050 1958 3086; x_wconf 84' lang='lat' dir='ltr'>v.</span> <span class='ocrx_word' id='word_1_213' title='bbox 1988 3034 2046 3086; x_wconf 80' lang='lat'>5:</span> <span class='ocrx_word' id='word_1_214' title='bbox 2086 3028 2251 3092; x_wconf 85' lang='grc' dir='ltr'>πόλεις</span> <span class='ocrx_word' id='word_1_215' title='bbox 2289 3028 2436 3083; x_wconf 74' lang='grc' dir='ltr'>αὐταὶ</span> <span class='ocrx_word' id='word_1_216' title='bbox 2472 3030 2621 3100; x_wconf 83' lang='grc' dir='ltr'>φόρον</span> <span class='ocrx_word' id='word_1_217' title='bbox 2657 3028 2956 3101; x_wconf 77' lang='grc' dir='ltr'>ταξάμεναι;</span> <span class='ocrx_word' id='word_1_218' title='bbox 3004 3029 3136 3084; x_wconf 87' lang='lat' dir='ltr'>ibid.</span> <span class='ocrx_word' id='word_1_219' title='bbox 3165 3030 3194 3082; x_wconf 91' lang='lat'>1</span> 
     </span>
     <span class='ocr_line' id='line_1_27' title="bbox 733 3118 3191 3191; baseline -0.001 -18"><span class='ocrx_word' id='word_1_220' title='bbox 733 3122 839 3173; x_wconf 83' lang='lat'>244</span> <span class='ocrx_word' id='word_1_221' title='bbox 877 3119 1043 3189; x_wconf 87' lang='lat' dir='ltr'>(11)v.</span> <span class='ocrx_word' id='word_1_222' title='bbox 1068 3122 1153 3175; x_wconf 88' lang='lat'>71.</span> <span class='ocrx_word' id='word_1_223' title='bbox 1194 3121 1221 3174; x_wconf 96' lang='lat' dir='ltr'>I</span> <span class='ocrx_word' id='word_1_224' title='bbox 1258 3121 1378 3187; x_wconf 82' lang='lat'><strong>256,</strong></span> <span class='ocrx_word' id='word_1_225' title='bbox 1411 3121 1496 3176; x_wconf 86' lang='lat'>37.</span> <span class='ocrx_word' id='word_1_226' title='bbox 1532 3119 1598 3175; x_wconf 87' lang='lat' dir='ltr'>Id</span> <span class='ocrx_word' id='word_1_227' title='bbox 1631 3121 2025 3175; x_wconf 90' lang='lat' dir='ltr'>nonnullarum</span> <span class='ocrx_word' id='word_1_228' title='bbox 2063 3121 2285 3176; x_wconf 87' lang='lat' dir='ltr'>urbium</span> <span class='ocrx_word' id='word_1_229' title='bbox 2321 3120 2678 3191; x_wconf 81' lang='lat' dir='ltr'>privilegium</span> <span class='ocrx_word' id='word_1_230' title='bbox 2714 3123 2861 3186; x_wconf 84' lang='lat' dir='ltr'>erat;</span> <span class='ocrx_word' id='word_1_231' title='bbox 2900 3119 2968 3174; x_wconf 83' lang='lat' dir='ltr'>ef.</span> <span class='ocrx_word' id='word_1_232' title='bbox 2992 3118 3191 3173; x_wconf 85' lang='lat' dir='ltr'>Philol.</span> 
     </span>
     <span class='ocr_line' id='line_1_28' title="bbox 735 3207 3194 3280; baseline -0.001 -17"><span class='ocrx_word' id='word_1_233' title='bbox 735 3209 858 3263; x_wconf 72' lang='lat' dir='ltr'>XLI</span> <span class='ocrx_word' id='word_1_234' title='bbox 886 3209 1006 3264; x_wconf 86' lang='lat'>659.</span> <span class='ocrx_word' id='word_1_235' title='bbox 1029 3211 1131 3264; x_wconf 87' lang='grc'>668</span> <span class='ocrx_word' id='word_1_236' title='bbox 1147 3228 1252 3278; x_wconf 85' lang='lat' dir='ltr'>sq.;</span> <span class='ocrx_word' id='word_1_237' title='bbox 1291 3210 1537 3264; x_wconf 83' lang='lat' dir='ltr'>Boeckh:</span> <span class='ocrx_word' id='word_1_238' title='bbox 1573 3210 1683 3265; x_wconf 65' lang='lat' dir='ltr'>»St</span> <span class='ocrx_word' id='word_1_239' title='bbox 1706 3211 1758 3264; x_wconf 93' lang='lat' dir='ltr'>d.</span> <span class='ocrx_word' id='word_1_240' title='bbox 1784 3210 1943 3265; x_wconf 82' lang='lat' dir='ltr'>Ath.«</span> <span class='ocrx_word' id='word_1_241' title='bbox 1976 3210 2024 3279; x_wconf 92' lang='grc' dir='ltr'>(Ι</span> <span class='ocrx_word' id='word_1_242' title='bbox 2047 3210 2150 3265; x_wconf 86' lang='grc'>516</span> <span class='ocrx_word' id='word_1_243' title='bbox 2169 3211 2244 3278; x_wconf 86' lang='lat' dir='ltr'>b).</span> <span class='ocrx_word' id='word_1_244' title='bbox 2282 3211 2337 3264; x_wconf 94' lang='grc' dir='ltr'>ΙΙ</span> <span class='ocrx_word' id='word_1_245' title='bbox 2358 3212 2460 3265; x_wconf 86' lang='grc'>613</span> <span class='ocrx_word' id='word_1_246' title='bbox 2483 3229 2630 3279; x_wconf 87' lang='lat' dir='ltr'>sqq.;</span> <span class='ocrx_word' id='word_1_247' title='bbox 2669 3210 3051 3280; x_wconf 85' lang='lat' dir='ltr'>Heydemann:</span> <span class='ocrx_word' id='word_1_248' title='bbox 3096 3207 3194 3262; x_wconf 79' lang='lat' dir='ltr'>»de</span> 
     </span>
     <span class='ocr_line' id='line_1_29' title="bbox 734 3298 3191 3370; baseline -0 -17"><span class='ocrx_word' id='word_1_249' title='bbox 734 3301 932 3354; x_wconf 89' lang='lat' dir='ltr'>senatu</span> <span class='ocrx_word' id='word_1_250' title='bbox 970 3299 1204 3354; x_wconf 62' lang='lat' dir='ltr'>Athens</span> <span class='ocrx_word' id='word_1_251' title='bbox 1244 3319 1298 3370; x_wconf 89' lang='lat' dir='ltr'>p.</span> <span class='ocrx_word' id='word_1_252' title='bbox 1330 3300 1398 3353; x_wconf 84' lang='lat'>32</span> <span class='ocrx_word' id='word_1_253' title='bbox 1430 3298 1606 3367; x_wconf 85' lang='lat'>[178];</span> <span class='ocrx_word' id='word_1_254' title='bbox 1645 3299 1861 3355; x_wconf 80' lang='lat' dir='ltr'>Gilbert</span> <span class='ocrx_word' id='word_1_255' title='bbox 1897 3301 1924 3354; x_wconf 97' lang='grc' dir='ltr'>Ι</span> <span class='ocrx_word' id='word_1_256' title='bbox 1959 3319 2012 3370; x_wconf 90' lang='lat' dir='ltr'>p.</span> <span class='ocrx_word' id='word_1_257' title='bbox 2042 3301 2162 3367; x_wconf 86' lang='lat'><strong>396,</strong></span> <span class='ocrx_word' id='word_1_258' title='bbox 2201 3302 2260 3366; x_wconf 88' lang='grc'>2;</span> <span class='ocrx_word' id='word_1_259' title='bbox 2310 3301 2502 3355; x_wconf 86' lang='lat' dir='ltr'>Busolt</span> <span class='ocrx_word' id='word_1_260' title='bbox 2538 3300 2570 3367; x_wconf 67' lang='grc' dir='ltr'><strong>ξ</strong></span> <span class='ocrx_word' id='word_1_261' title='bbox 2599 3301 2706 3354; x_wconf 88' lang='grc'>242</span> <span class='ocrx_word' id='word_1_262' title='bbox 2741 3318 2793 3370; x_wconf 89' lang='lat' dir='ltr'>p.</span> <span class='ocrx_word' id='word_1_263' title='bbox 2824 3300 2945 3354; x_wconf 83' lang='lat'>215.</span> <span class='ocrx_word' id='word_1_264' title='bbox 3020 3299 3191 3353; x_wconf 83' lang='lat' dir='ltr'>Velut</span> 
     </span>
     <span class='ocr_line' id='line_1_30' title="bbox 735 3388 3190 3459; baseline -0.001 -16"><span class='ocrx_word' id='word_1_265' title='bbox 735 3388 1054 3444; x_wconf 88' lang='lat' dir='ltr'>Methonaei</span> <span class='ocrx_word' id='word_1_266' title='bbox 1091 3390 1162 3444; x_wconf 91' lang='lat' dir='ltr'>ab</span> <span class='ocrx_word' id='word_1_267' title='bbox 1190 3389 1620 3445; x_wconf 87' lang='lat' dir='ltr'>Atheniensibus</span> <span class='ocrx_word' id='word_1_268' title='bbox 1647 3392 1865 3459; x_wconf 89' lang='lat' dir='ltr'>petunt,</span> <span class='ocrx_word' id='word_1_269' title='bbox 1903 3392 1969 3444; x_wconf 92' lang='lat' dir='ltr'>ut</span> <span class='ocrx_word' id='word_1_270' title='bbox 2006 3393 2105 3445; x_wconf 91' lang='lat' dir='ltr'>aut</span> <span class='ocrx_word' id='word_1_271' title='bbox 2141 3390 2414 3445; x_wconf 88' lang='lat' dir='ltr'>tributum</span> <span class='ocrx_word' id='word_1_272' title='bbox 2454 3390 2561 3445; x_wconf 89' lang='lat' dir='ltr'>sibi</span> <span class='ocrx_word' id='word_1_273' title='bbox 2596 3389 2890 3445; x_wconf 81' lang='lat' dir='ltr'>remittant</span> <span class='ocrx_word' id='word_1_274' title='bbox 2927 3391 3026 3444; x_wconf 88' lang='lat' dir='ltr'>aut</span> <span class='ocrx_word' id='word_1_275' title='bbox 3060 3405 3190 3457; x_wconf 87' lang='lat' dir='ltr'>pen·</span> 
     </span>
     <span class='ocr_line' id='line_1_31' title="bbox 733 3471 3193 3549; baseline -0 -18"><span class='ocrx_word' id='word_1_276' title='bbox 733 3478 912 3533; x_wconf 90' lang='lat' dir='ltr'>siones</span> <span class='ocrx_word' id='word_1_277' title='bbox 952 3475 1131 3546; x_wconf 81' lang='grc' dir='ltr'>[τάξιν]</span> <span class='ocrx_word' id='word_1_278' title='bbox 1172 3479 1497 3544; x_wconf 82' lang='lat' dir='ltr'>eonoedant3</span> <span class='ocrx_word' id='word_1_279' title='bbox 1553 3478 1621 3533; x_wconf 83' lang='lat' dir='ltr'>of.</span> <span class='ocrx_word' id='word_1_280' title='bbox 1660 3477 1803 3534; x_wconf 80' lang='lat' dir='ltr'>GJA.</span> <span class='ocrx_word' id='word_1_281' title='bbox 1843 3480 1867 3532; x_wconf 90' lang='lat'><em>1</em></span> <span class='ocrx_word' id='word_1_282' title='bbox 1904 3480 1991 3543; x_wconf 87' lang='grc'>40,</span> <span class='ocrx_word' id='word_1_283' title='bbox 2012 3471 2113 3534; x_wconf 71' lang='lat'>&#39;12.</span> <span class='ocrx_word' id='word_1_284' title='bbox 2189 3479 2295 3534; x_wconf 85' lang='lat' dir='ltr'>Sed</span> <span class='ocrx_word' id='word_1_285' title='bbox 2340 3479 2478 3534; x_wconf 84' lang='lat' dir='ltr'>haee</span> <span class='ocrx_word' id='word_1_286' title='bbox 2522 3479 2855 3549; x_wconf 76' lang='lat' dir='ltr'>significatio</span> <span class='ocrx_word' id='word_1_287' title='bbox 2900 3477 3048 3533; x_wconf 85' lang='lat' dir='ltr'>voois</span> <span class='ocrx_word' id='word_1_288' title='bbox 3082 3477 3193 3531; x_wconf 83' lang='lat' dir='ltr'>huo</span> 
     </span>
     <span class='ocr_line' id='line_1_32' title="bbox 732 3566 3192 3637; baseline -0 -16"><span class='ocrx_word' id='word_1_289' title='bbox 732 3585 844 3622; x_wconf 91' lang='lat' dir='ltr'>non</span> <span class='ocrx_word' id='word_1_290' title='bbox 879 3567 1138 3637; x_wconf 83' lang='lat' dir='ltr'>pertinet,</span> <span class='ocrx_word' id='word_1_291' title='bbox 1178 3585 1514 3636; x_wconf 87' lang='lat' dir='ltr'>quamquam</span> <span class='ocrx_word' id='word_1_292' title='bbox 1552 3568 1656 3623; x_wconf 88' lang='lat' dir='ltr'>hoe</span> <span class='ocrx_word' id='word_1_293' title='bbox 1691 3569 1813 3624; x_wconf 85' lang='lat' dir='ltr'>loeo</span> <span class='ocrx_word' id='word_1_294' title='bbox 1851 3569 1917 3623; x_wconf 92' lang='lat' dir='ltr'>de</span> <span class='ocrx_word' id='word_1_295' title='bbox 1956 3586 2022 3623; x_wconf 89' lang='lat' dir='ltr'>ea</span> <span class='ocrx_word' id='word_1_296' title='bbox 2057 3586 2116 3623; x_wconf 88' lang='lat' dir='ltr'>re</span> <span class='ocrx_word' id='word_1_297' title='bbox 2153 3568 2367 3637; x_wconf 89' lang='lat' dir='ltr'>aliquid</span> <span class='ocrx_word' id='word_1_298' title='bbox 2405 3572 2591 3623; x_wconf 88' lang='lat' dir='ltr'>aetum</span> <span class='ocrx_word' id='word_1_299' title='bbox 2629 3586 2743 3624; x_wconf 87' lang='lat' dir='ltr'>esse</span> <span class='ocrx_word' id='word_1_300' title='bbox 2778 3570 2915 3637; x_wconf 87' lang='lat' dir='ltr'>puto</span> <span class='ocrx_word' id='word_1_301' title='bbox 2952 3566 3024 3636; x_wconf 86' lang='lat' dir='ltr'>(v.</span> <span class='ocrx_word' id='word_1_302' title='bbox 3043 3566 3192 3621; x_wconf 87' lang='lat' dir='ltr'>infra</span> 
     </span>
     <span class='ocr_line' id='line_1_33' title="bbox 733 3657 1003 3723; baseline 0.007 -12"><span class='ocrx_word' id='word_1_303' title='bbox 733 3675 774 3711; x_wconf 91' lang='lat' dir='ltr'>s.</span> <span class='ocrx_word' id='word_1_304' title='bbox 813 3657 895 3711; x_wconf 95' lang='lat' dir='ltr'>III</span> <span class='ocrx_word' id='word_1_305' title='bbox 933 3658 1003 3723; x_wconf 87' lang='lat'>3).</span> 
     </span>
    </p>

    <p class='ocr_par' dir='ltr' id='par_1_8' title="bbox 733 3744 3193 3999">
     <span class='ocr_line' id='line_1_34' title="bbox 917 3744 3193 3819; baseline -0.001 -17"><span class='ocrx_word' id='word_1_306' title='bbox 917 3745 962 3817; x_wconf 84' lang='lat'>⁸)</span> <span class='ocrx_word' id='word_1_307' title='bbox 998 3748 1148 3803; x_wconf 86' lang='lat' dir='ltr'>Nam</span> <span class='ocrx_word' id='word_1_308' title='bbox 1199 3747 1245 3802; x_wconf 86' lang='lat' dir='ltr'>si</span> <span class='ocrx_word' id='word_1_309' title='bbox 1292 3747 1416 3817; x_wconf 90' lang='lat' dir='ltr'>quis</span> <span class='ocrx_word' id='word_1_310' title='bbox 1462 3744 1636 3818; x_wconf 82' lang='grc' dir='ltr'>ἄτιμος</span> <span class='ocrx_word' id='word_1_311' title='bbox 1681 3747 1807 3803; x_wconf 89' lang='lat' dir='ltr'>iura</span> <span class='ocrx_word' id='word_1_312' title='bbox 1854 3754 1952 3800; x_wconf 84' lang='grc' dir='ltr'>τῶν</span> <span class='ocrx_word' id='word_1_313' title='bbox 1999 3745 2229 3819; x_wconf 75' lang='grc' dir='ltr'>ἐπιτίμων</span> <span class='ocrx_word' id='word_1_314' title='bbox 2278 3765 2522 3803; x_wconf 79' lang='lat' dir='ltr'>exercere</span> <span class='ocrx_word' id='word_1_315' title='bbox 2571 3766 2618 3803; x_wconf 90' lang='lat' dir='ltr'>e.</span> <span class='ocrx_word' id='word_1_316' title='bbox 2658 3766 2703 3803; x_wconf 87' lang='lat' dir='ltr'>e.</span> <span class='ocrx_word' id='word_1_317' title='bbox 2740 3747 2889 3817; x_wconf 86' lang='lat' dir='ltr'>apud</span> <span class='ocrx_word' id='word_1_318' title='bbox 2925 3747 3193 3817; x_wconf 87' lang='lat' dir='ltr'>populum</span> 
     </span>
     <span class='ocr_line' id='line_1_35' title="bbox 734 3837 3191 3908; baseline -0.001 -17"><span class='ocrx_word' id='word_1_319' title='bbox 734 3837 1045 3893; x_wconf 82' lang='lat' dir='ltr'>contionari</span> <span class='ocrx_word' id='word_1_320' title='bbox 1071 3839 1257 3904; x_wconf 87' lang='lat' dir='ltr'>vellet,</span> <span class='ocrx_word' id='word_1_321' title='bbox 1287 3837 1509 3893; x_wconf 86' lang='lat' dir='ltr'>veniam</span> <span class='ocrx_word' id='word_1_322' title='bbox 1539 3838 1590 3894; x_wconf 92' lang='lat' dir='ltr'>ei</span> <span class='ocrx_word' id='word_1_323' title='bbox 1617 3838 2029 3908; x_wconf 77' lang='lat' dir='ltr'>impetrandam</span> <span class='ocrx_word' id='word_1_324' title='bbox 2055 3839 2224 3894; x_wconf 84' lang='lat' dir='ltr'>fuisse</span> <span class='ocrx_word' id='word_1_325' title='bbox 2253 3838 2691 3894; x_wconf 86' lang='lat' dir='ltr'>demonstratum</span> <span class='ocrx_word' id='word_1_326' title='bbox 2713 3841 2797 3893; x_wconf 86' lang='lat' dir='ltr'>est</span> <span class='ocrx_word' id='word_1_327' title='bbox 2809 3859 2822 3904; x_wconf 80' lang='lat'>3</span> <span class='ocrx_word' id='word_1_328' title='bbox 2855 3837 2922 3893; x_wconf 86' lang='lat' dir='ltr'>of.</span> <span class='ocrx_word' id='word_1_329' title='bbox 2950 3837 3191 3891; x_wconf 85' lang='lat' dir='ltr'>Wester·</span> 
     </span>
     <span class='ocr_line' id='line_1_36' title="bbox 733 3927 2153 3999; baseline 0.001 -18"><span class='ocrx_word' id='word_1_330' title='bbox 733 3945 904 3982; x_wconf 85' lang='lat' dir='ltr'>marm</span> <span class='ocrx_word' id='word_1_331' title='bbox 940 3927 1000 3981; x_wconf 90' lang='lat' dir='ltr'>in</span> <span class='ocrx_word' id='word_1_332' title='bbox 1038 3928 1267 3998; x_wconf 83' lang='lat' dir='ltr'>Paulyi:</span> <span class='ocrx_word' id='word_1_333' title='bbox 1311 3929 1760 3998; x_wconf 78' lang='lat' dir='ltr'>»Real-Enoyel.‹</span> <span class='ocrx_word' id='word_1_334' title='bbox 1802 3930 1829 3983; x_wconf 97' lang='grc' dir='ltr'>Ι</span> <span class='ocrx_word' id='word_1_335' title='bbox 1869 3933 1893 3983; x_wconf 94' lang='lat'>1</span> <span class='ocrx_word' id='word_1_336' title='bbox 1936 3947 1988 3999; x_wconf 90' lang='lat' dir='ltr'>p.</span> <span class='ocrx_word' id='word_1_337' title='bbox 2033 3929 2153 3983; x_wconf 87' lang='grc'><strong>168.</strong></span> 
     </span>
    </p>

    <p class='ocr_par' dir='ltr' id='par_1_9' title="bbox 732 4015 3200 4805">
     <span class='ocr_line' id='line_1_37' title="bbox 917 4015 3194 4087; baseline -0.001 -15"><span class='ocrx_word' id='word_1_338' title='bbox 917 4015 961 4082; x_wconf 81' lang='lat'>⁴)</span> <span class='ocrx_word' id='word_1_339' title='bbox 998 4017 1152 4083; x_wconf 81' lang='lat' dir='ltr'>Quae</span> <span class='ocrx_word' id='word_1_340' title='bbox 1189 4036 1313 4072; x_wconf 85' lang='lat' dir='ltr'>eum</span> <span class='ocrx_word' id='word_1_341' title='bbox 1349 4017 1434 4072; x_wconf 89' lang='lat' dir='ltr'>ita</span> <span class='ocrx_word' id='word_1_342' title='bbox 1460 4018 1590 4083; x_wconf 87' lang='lat' dir='ltr'>sint,</span> <span class='ocrx_word' id='word_1_343' title='bbox 1630 4018 1864 4072; x_wconf 86' lang='lat' dir='ltr'>Demadi</span> <span class='ocrx_word' id='word_1_344' title='bbox 1893 4018 2098 4073; x_wconf 88' lang='lat' dir='ltr'>oratori</span> <span class='ocrx_word' id='word_1_345' title='bbox 2136 4017 2210 4085; x_wconf 86' lang='lat' dir='ltr'>(v.</span> <span class='ocrx_word' id='word_1_346' title='bbox 2240 4035 2407 4087; x_wconf 83' lang='lat' dir='ltr'>supra</span> <span class='ocrx_word' id='word_1_347' title='bbox 2433 4035 2486 4087; x_wconf 88' lang='lat' dir='ltr'>p.</span> <span class='ocrx_word' id='word_1_348' title='bbox 2517 4018 2606 4082; x_wconf 83' lang='lat'>25)</span> <span class='ocrx_word' id='word_1_349' title='bbox 2644 4015 2894 4086; x_wconf 89' lang='lat' dir='ltr'>pluribus</span> <span class='ocrx_word' id='word_1_350' title='bbox 2922 4015 2989 4070; x_wconf 89' lang='lat' dir='ltr'>de</span> <span class='ocrx_word' id='word_1_351' title='bbox 3016 4015 3194 4070; x_wconf 79' lang='lat' dir='ltr'>causis</span> 
     </span>
     <span class='ocr_line' id='line_1_38' title="bbox 735 4101 3195 4176; baseline 0 -21"><span class='ocrx_word' id='word_1_352' title='bbox 735 4102 878 4174; x_wconf 80' lang='grc' dir='ltr'>ἀδείᾳ</span> <span class='ocrx_word' id='word_1_353' title='bbox 913 4106 1150 4175; x_wconf 86' lang='lat' dir='ltr'>rogandi</span> <span class='ocrx_word' id='word_1_354' title='bbox 1177 4124 1312 4176; x_wconf 85' lang='lat' dir='ltr'>opus</span> <span class='ocrx_word' id='word_1_355' title='bbox 1340 4107 1466 4162; x_wconf 88' lang='lat' dir='ltr'>fuit.</span> <span class='ocrx_word' id='word_1_356' title='bbox 1531 4107 1863 4162; x_wconf 81' lang='lat' dir='ltr'>Plutarchus</span> <span class='ocrx_word' id='word_1_357' title='bbox 1893 4107 2042 4162; x_wconf 90' lang='lat' dir='ltr'>enim</span> <span class='ocrx_word' id='word_1_358' title='bbox 2069 4108 2231 4162; x_wconf 85' lang='lat' dir='ltr'>Phoe.</span> <span class='ocrx_word' id='word_1_359' title='bbox 2261 4106 2444 4161; x_wconf 91' lang='lat' dir='ltr'>XXVI</span> <span class='ocrx_word' id='word_1_360' title='bbox 2471 4107 2609 4161; x_wconf 87' lang='lat' dir='ltr'>haee</span> <span class='ocrx_word' id='word_1_361' title='bbox 2636 4105 2796 4160; x_wconf 83' lang='lat' dir='ltr'>dicit:</span> <span class='ocrx_word' id='word_1_362' title='bbox 2833 4145 2845 4160; x_wconf 94' lang='lat'>.</span> <span class='ocrx_word' id='word_1_363' title='bbox 2886 4147 2899 4159; x_wconf 92' lang='lat'>.</span> <span class='ocrx_word' id='word_1_364' title='bbox 2939 4101 3195 4176; x_wconf 81' lang='grc' dir='ltr'>Δημάδης</span> 
     </span>
     <span class='ocr_line' id='line_1_39' title="bbox 734 4187 3197 4266; baseline -0.001 -20"><span class='ocrx_word' id='word_1_365' title='bbox 734 4192 787 4246; x_wconf 81' lang='grc' dir='ltr'>δὲ</span> <span class='ocrx_word' id='word_1_366' title='bbox 850 4193 1021 4266; x_wconf 80' lang='grc' dir='ltr'>μηθὲν</span> <span class='ocrx_word' id='word_1_367' title='bbox 1086 4194 1234 4266; x_wconf 75' lang='grc' dir='ltr'>μέρος</span> <span class='ocrx_word' id='word_1_368' title='bbox 1297 4187 1368 4246; x_wconf 83' lang='grc' dir='ltr'>ὧν</span> <span class='ocrx_word' id='word_1_369' title='bbox 1430 4192 1611 4266; x_wconf 78' lang='grc' dir='ltr'>ὤφειλε</span> <span class='ocrx_word' id='word_1_370' title='bbox 1676 4195 1958 4266; x_wconf 84' lang='grc' dir='ltr'>χρημάτων</span> <span class='ocrx_word' id='word_1_371' title='bbox 2015 4193 2093 4248; x_wconf 74' lang='grc' dir='ltr'>ἐπὶ</span> <span class='ocrx_word' id='word_1_372' title='bbox 2156 4200 2268 4258; x_wconf 87' lang='grc' dir='ltr'>ταῖς</span> <span class='ocrx_word' id='word_1_373' title='bbox 2330 4192 2624 4256; x_wconf 72' lang='grc' dir='ltr'>καταδίκαις</span> <span class='ocrx_word' id='word_1_374' title='bbox 2687 4192 2877 4246; x_wconf 76' lang='grc' dir='ltr'>ἐκτῖσαι</span> <span class='ocrx_word' id='word_1_375' title='bbox 2938 4199 3003 4264; x_wconf 78' lang='grc' dir='ltr'>τῇ</span> <span class='ocrx_word' id='word_1_376' title='bbox 3055 4191 3197 4245; x_wconf 84' lang='grc' dir='ltr'>πόλει</span> 
     </span>
     <span class='ocr_line' id='line_1_40' title="bbox 734 4281 3195 4356; baseline -0 -21"><span class='ocrx_word' id='word_1_377' title='bbox 734 4281 1002 4355; x_wconf 87' lang='grc' dir='ltr'>δυνάμενος</span> <span class='ocrx_word' id='word_1_378' title='bbox 1052 4282 1267 4355; x_wconf 78' lang='grc' dir='ltr'>(ἡλώκει</span> <span class='ocrx_word' id='word_1_379' title='bbox 1312 4285 1409 4355; x_wconf 77' lang='grc' dir='ltr'>γὰρ</span> <span class='ocrx_word' id='word_1_380' title='bbox 1458 4285 1581 4336; x_wconf 82' lang='grc' dir='ltr'>ἑπτὰ</span> <span class='ocrx_word' id='word_1_381' title='bbox 1626 4286 1827 4356; x_wconf 74' lang='grc' dir='ltr'>γραφὰς</span> <span class='ocrx_word' id='word_1_382' title='bbox 1872 4283 2173 4356; x_wconf 81' lang='grc' dir='ltr'>παρανόμων</span> <span class='ocrx_word' id='word_1_383' title='bbox 2218 4285 2306 4338; x_wconf 85' lang='grc' dir='ltr'>καὶ</span> <span class='ocrx_word' id='word_1_384' title='bbox 2352 4285 2574 4356; x_wconf 77' lang='grc' dir='ltr'>γεγονὼς</span> <span class='ocrx_word' id='word_1_385' title='bbox 2619 4281 2795 4354; x_wconf 80' lang='grc' dir='ltr'>ἄτιμος</span> <span class='ocrx_word' id='word_1_386' title='bbox 2832 4281 3072 4354; x_wconf 75' lang='grc' dir='ltr'>ἐξείργετο</span> <span class='ocrx_word' id='word_1_387' title='bbox 3107 4288 3195 4334; x_wconf 85' lang='grc' dir='ltr'>τοῦ</span> 
     </span>
     <span class='ocr_line' id='line_1_41' title="bbox 733 4371 3196 4446; baseline 0.004 -22"><span class='ocrx_word' id='word_1_388' title='bbox 733 4371 935 4443; x_wconf 72' lang='grc' dir='ltr'>λέγειν),</span> <span class='ocrx_word' id='word_1_389' title='bbox 972 4371 1142 4426; x_wconf 81' lang='grc' dir='ltr'>ἄδειαν</span> <span class='ocrx_word' id='word_1_390' title='bbox 1181 4372 1442 4445; x_wconf 81' lang='grc' dir='ltr'>εὑρόμενος</span> <span class='ocrx_word' id='word_1_391' title='bbox 1482 4374 1766 4443; x_wconf 69' lang='lat' dir='ltr'>(weniam</span> <span class='ocrx_word' id='word_1_392' title='bbox 1794 4377 2169 4442; x_wconf 77' lang='lat' dir='ltr'>consecutus«)</span> <span class='ocrx_word' id='word_1_393' title='bbox 2205 4373 2314 4426; x_wconf 81' lang='grc' dir='ltr'>τότε</span> <span class='ocrx_word' id='word_1_394' title='bbox 2351 4374 2530 4446; x_wconf 75' lang='grc' dir='ltr'>γράφει</span> <span class='ocrx_word' id='word_1_395' title='bbox 2565 4373 2803 4445; x_wconf 81' lang='grc' dir='ltr'>ψήφισμα</span> <span class='ocrx_word' id='word_1_396' title='bbox 2838 4373 3040 4443; x_wconf 70' lang='grc' dir='ltr'>πέμπειν</span> <span class='ocrx_word' id='word_1_397' title='bbox 3077 4373 3196 4444; x_wconf 77' lang='grc' dir='ltr'>πρὸς</span> 
     </span>
     <span class='ocr_line' id='line_1_42' title="bbox 735 4460 3196 4535; baseline 0.001 -21"><span class='ocrx_word' id='word_1_398' title='bbox 735 4460 1064 4534; x_wconf 82' lang='grc' dir='ltr'>Ἀντίπατρον</span> <span class='ocrx_word' id='word_1_399' title='bbox 1102 4461 1217 4534; x_wconf 81' lang='grc' dir='ltr'>ὑπὲρ</span> <span class='ocrx_word' id='word_1_400' title='bbox 1254 4461 1464 4535; x_wconf 79' lang='grc' dir='ltr'>εἰρήνης</span> <span class='ocrx_word' id='word_1_401' title='bbox 1499 4462 1721 4534; x_wconf 73' lang='grc' dir='ltr'>πρέσβεις</span> <span class='ocrx_word' id='word_1_402' title='bbox 1759 4461 2143 4535; x_wconf 79' lang='grc' dir='ltr'>αότοκράτορας.</span> <span class='ocrx_word' id='word_1_403' title='bbox 2212 4465 2299 4534; x_wconf 87' lang='lat' dir='ltr'>[ef.</span> <span class='ocrx_word' id='word_1_404' title='bbox 2340 4465 2412 4520; x_wconf 85' lang='lat' dir='ltr'>ad</span> <span class='ocrx_word' id='word_1_405' title='bbox 2446 4466 2501 4519; x_wconf 91' lang='lat' dir='ltr'>h.</span> <span class='ocrx_word' id='word_1_406' title='bbox 2539 4464 2577 4518; x_wconf 92' lang='lat' dir='ltr'>l.</span> <span class='ocrx_word' id='word_1_407' title='bbox 2615 4465 2866 4519; x_wconf 87' lang='lat' dir='ltr'>Platner:</span> <span class='ocrx_word' id='word_1_408' title='bbox 2918 4464 3102 4519; x_wconf 78' lang='lat' dir='ltr'>»Proo.</span> <span class='ocrx_word' id='word_1_409' title='bbox 3140 4481 3196 4517; x_wconf 89' lang='lat' dir='ltr'>u.</span> 
     </span>
     <span class='ocr_line' id='line_1_43' title="bbox 734 4550 3195 4625; baseline 0 -17"><span class='ocrx_word' id='word_1_410' title='bbox 734 4553 855 4611; x_wconf 82' lang='lat' dir='ltr'>K1.«</span> <span class='ocrx_word' id='word_1_411' title='bbox 896 4555 923 4608; x_wconf 95' lang='lat' dir='ltr'>I</span> <span class='ocrx_word' id='word_1_412' title='bbox 959 4555 1064 4608; x_wconf 88' lang='lat'>444</span> <span class='ocrx_word' id='word_1_413' title='bbox 1104 4552 1202 4623; x_wconf 86' lang='lat' dir='ltr'>sq-]</span> <span class='ocrx_word' id='word_1_414' title='bbox 1275 4550 1512 4625; x_wconf 81' lang='grc' dir='ltr'>Ἀτιμίας</span> <span class='ocrx_word' id='word_1_415' title='bbox 1557 4553 1736 4625; x_wconf 87' lang='lat' dir='ltr'>igitur</span> <span class='ocrx_word' id='word_1_416' title='bbox 1780 4572 1947 4609; x_wconf 86' lang='lat' dir='ltr'>eausa</span> <span class='ocrx_word' id='word_1_417' title='bbox 1992 4573 2103 4610; x_wconf 94' lang='lat' dir='ltr'>non</span> <span class='ocrx_word' id='word_1_418' title='bbox 2148 4555 2328 4610; x_wconf 90' lang='lat' dir='ltr'>solum</span> <span class='ocrx_word' id='word_1_419' title='bbox 2364 4572 2430 4610; x_wconf 91' lang='lat' dir='ltr'>ea</span> <span class='ocrx_word' id='word_1_420' title='bbox 2465 4553 2592 4621; x_wconf 87' lang='lat' dir='ltr'>fuit,</span> <span class='ocrx_word' id='word_1_421' title='bbox 2633 4553 2781 4624; x_wconf 90' lang='lat' dir='ltr'>quod</span> <span class='ocrx_word' id='word_1_422' title='bbox 2817 4553 3052 4623; x_wconf 88' lang='lat' dir='ltr'>pendere</span> <span class='ocrx_word' id='word_1_423' title='bbox 3089 4554 3195 4608; x_wconf 93' lang='lat' dir='ltr'>De-</span> 
     </span>
     <span class='ocr_line' id='line_1_44' title="bbox 732 4640 3197 4713; baseline -0 -15"><span class='ocrx_word' id='word_1_424' title='bbox 732 4643 921 4698; x_wconf 85' lang='lat' dir='ltr'>mades</span> <span class='ocrx_word' id='word_1_425' title='bbox 948 4661 1060 4698; x_wconf 89' lang='lat' dir='ltr'>non</span> <span class='ocrx_word' id='word_1_426' title='bbox 1082 4641 1284 4713; x_wconf 88' lang='lat' dir='ltr'>potuit,</span> <span class='ocrx_word' id='word_1_427' title='bbox 1323 4642 1602 4698; x_wconf 84' lang='lat' dir='ltr'>sedidem</span> <span class='ocrx_word' id='word_1_428' title='bbox 1637 4640 1811 4713; x_wconf 81' lang='grc' dir='ltr'>ἀτιμίᾳ</span> <span class='ocrx_word' id='word_1_429' title='bbox 1846 4642 2074 4700; x_wconf 84' lang='lat' dir='ltr'>affectus</span> <span class='ocrx_word' id='word_1_430' title='bbox 2112 4646 2213 4713; x_wconf 88' lang='lat' dir='ltr'>est,</span> <span class='ocrx_word' id='word_1_431' title='bbox 2250 4643 2397 4713; x_wconf 91' lang='lat' dir='ltr'>quod</span> <span class='ocrx_word' id='word_1_432' title='bbox 2433 4643 2638 4699; x_wconf 88' lang='lat' dir='ltr'>iterum</span> <span class='ocrx_word' id='word_1_433' title='bbox 2674 4661 2740 4699; x_wconf 87' lang='lat' dir='ltr'>ao</span> <span class='ocrx_word' id='word_1_434' title='bbox 2775 4642 2992 4713; x_wconf 87' lang='lat' dir='ltr'>saepius</span> <span class='ocrx_word' id='word_1_435' title='bbox 3028 4659 3197 4712; x_wconf 82' lang='grc' dir='ltr'>παρα-</span> 
     </span>
     <span class='ocr_line' id='line_1_45' title="bbox 733 4730 3200 4805; baseline 0.001 -20"><span class='ocrx_word' id='word_1_436' title='bbox 733 4730 901 4805; x_wconf 85' lang='grc' dir='ltr'>νόμων</span> <span class='ocrx_word' id='word_1_437' title='bbox 938 4735 1022 4788; x_wconf 86' lang='lat' dir='ltr'>est</span> <span class='ocrx_word' id='word_1_438' title='bbox 1059 4732 1355 4790; x_wconf 85' lang='lat' dir='ltr'>convietus.</span> <span class='ocrx_word' id='word_1_439' title='bbox 1429 4733 1779 4805; x_wconf 83' lang='lat' dir='ltr'>Quamquam</span> <span class='ocrx_word' id='word_1_440' title='bbox 1824 4733 1962 4793; x_wconf 80' lang='lat' dir='ltr'>haee</span> <span class='ocrx_word' id='word_1_441' title='bbox 2003 4751 2089 4790; x_wconf 80' lang='lat' dir='ltr'>res</span> <span class='ocrx_word' id='word_1_442' title='bbox 2135 4751 2246 4790; x_wconf 89' lang='lat' dir='ltr'>non</span> <span class='ocrx_word' id='word_1_443' title='bbox 2290 4733 2427 4789; x_wconf 87' lang='lat' dir='ltr'>satis</span> <span class='ocrx_word' id='word_1_444' title='bbox 2463 4736 2616 4790; x_wconf 79' lang='lat' dir='ltr'>certa</span> <span class='ocrx_word' id='word_1_445' title='bbox 2651 4736 2751 4790; x_wconf 85' lang='lat' dir='ltr'>est.</span> <span class='ocrx_word' id='word_1_446' title='bbox 2823 4733 3200 4804; x_wconf 83' lang='lat' dir='ltr'>Nequaquam</span> 
     </span>
    </p>
   </div>
  </div>
 </body>
</html>
