3567 5392
1615 403 1741 468 123

444 597 616 663 insit.
721 595 929 672 Quam
994 595 1152 661 nihil
1217 597 1396 662 aliud
1461 598 1588 663 nisi
1652 598 2098 664 lustrationem
2165 596 2535 679 significare
2601 594 2901 679 equidem

445 704 687 788 opinor.
787 704 954 769 Nam
1011 723 1153 768 cum
1217 705 1593 789 praesentia
1659 703 1764 770 dei
1835 704 2156 769 theatrum
2223 710 2550 769 sacratum
2606 708 2781 768 esset
2836 709 2901 768 et

446 810 861 877 sollemnibus
938 810 1358 876 libationibus
1432 816 1582 877 ante
1660 810 2037 876 commissos
2114 809 2307 875 ludos
2383 809 2577 874 factis
2592 811 2645 889 ¹)
2738 808 2900 874 deus

443 918 744 1003 placatus
792 924 982 1002 esset,
1031 918 1305 983 antistes
1355 938 1684 983 sacrorum
1729 917 1854 982 hoc
1901 917 2045 982 loco
2095 916 2471 1002 spectacula
2517 915 2658 981 fieri
2703 935 2901 1000 posse

445 1024 618 1090 fatus
668 1030 783 1090 est.

625 1118 869 1197 Similis
915 1130 1117 1213 igitur
1163 1150 1365 1196 causa
1414 1131 1732 1196 contionis
1764 1137 1882 1215 est,
1925 1130 1993 1194 in
2040 1150 2168 1213 qua
2205 1150 2352 1194 cum
2397 1129 2638 1213 populo
2668 1128 2901 1211 agitur,

414 1245 653 1303 utrum
700 1237 875 1302 ἄδεια
922 1257 977 1304 e.
1019 1258 1074 1304 c.
1123 1238 1569 1304 remissionem
1618 1237 1980 1303 debitorum
2026 1243 2332 1320 rogaturo
2380 1235 2772 1302 concedatur
2817 1254 2903 1298 an

446 1344 820 1429 denegetur.
923 1344 1109 1408 Hanc
1166 1344 1338 1410 enim
1394 1345 1797 1427 rogationem
1863 1343 2269 1427 illegitimam
2325 1343 2493 1407 ferre
2546 1361 2677 1406 non
2729 1339 2901 1423 licet,

448 1450 565 1517 sed
612 1471 652 1514 a
707 1451 929 1517 limine
985 1471 1063 1515 ea
1119 1450 1451 1535 reicienda
1507 1458 1626 1517 est.
1718 1450 1929 1528 Quam
1986 1452 2067 1515 ob
2127 1469 2394 1515 causam
2453 1448 2724 1524 debitor,
2791 1446 2898 1530 qui

444 1557 617 1622 idem
675 1557 890 1642 capite
950 1558 1315 1624 deminutus
1361 1557 1420 1623 h.
1468 1579 1521 1623 e.
1578 1559 1867 1643 impurus
1926 1564 2042 1640 est,
2105 1557 2174 1621 in
2241 1555 2521 1621 comitiis
2586 1553 2902 1639 supplicis

444 1664 701 1729 nomine
776 1665 894 1729 sub
970 1664 1174 1729 tutela
1248 1664 1511 1729 deorum
1586 1666 1788 1730 verba
1865 1664 2023 1729 facit
2089 1670 2153 1728 et
2214 1663 2470 1751 veniam
2544 1660 2902 1744 rogationis

446 1770 754 1836 ferendae
809 1772 991 1855 petit.
1087 1773 1250 1835 Tum
1297 1773 1575 1857 populus
1624 1771 1706 1836 de
1754 1790 1836 1836 ea
1881 1790 1952 1836 re
1998 1771 2062 1835 in
2109 1770 2394 1834 maximo
2453 1769 2789 1834 comitiatu
2834 1768 2903 1831 in

448 1876 827 1960 suffragium
874 1878 927 1942 it
973 1885 1038 1942 et
1082 1878 1275 1944 venia
1322 1878 1575 1942 demum
1632 1878 1918 1961 rogatori
1976 1877 2218 1941 tributa
2276 1875 2581 1941 delictum
2626 1874 2790 1939 illud
2836 1874 2903 1937 in

445 1984 539 2050 rei
583 1985 885 2069 publicae
912 2005 1148 2052 numen
1197 1985 1478 2050 divinum
1522 1983 1994 2060 commissum2)
2044 1984 2372 2068 expiatum
2406 1990 2522 2067 est,
2571 2002 2694 2065 quo
2728 1979 2901 2045 facto

444 2090 541 2155 illi
587 2090 865 2175 rogandi
912 2091 1191 2158 facultas
1220 2093 1356 2157 fuit.
1448 2092 1661 2175 Atque
1708 2091 1837 2175 ipsi
1884 2090 1992 2156 dei
2041 2089 2270 2156 eadem
2299 2111 2370 2156 re
2397 2089 2623 2154 violati
2672 2089 2901 2154 lustra-

448 2197 728 2263 tionibus
775 2199 1021 2283 placati
1069 2205 1235 2265 sunt.
1247 2200 1293 2277 3)

623 2407 785 2492 Cap.
835 2409 938 2475 II.
1031 2413 1140 2476 De
1188 2413 1706 2495 contionibus,
1744 2413 1817 2476 in
1857 2413 2132 2494 quibus
2173 2411 2263 2476 de
2297 2410 2550 2481 ἀδείας
2588 2408 2902 2474 datione

448 2523 700 2582 actum
750 2519 948 2596 est.4)

628 2624 1061 2695 Conciliorum
1106 2627 1332 2711 populi
1380 2625 1506 2690 duo
1566 2633 1714 2691 sunt
1771 2646 2037 2709 genera:
2097 2625 2371 2690 alterum
2432 2623 2901 2688 ordinariorum

630 2801 670 2864 ¹)
711 2802 790 2855 Cf.
829 2804 1014 2872 Bergk
1049 2804 1085 2857 1.
1125 2805 1160 2857 l.
1200 2804 1370 2857 11139
1407 2804 1534 2857 adn.
1581 2804 1696 2857 123.

636 2889 677 2955 ²)
716 2891 781 2944 In
818 2909 898 2956 ea,
948 2910 1117 2960 quam
1162 2893 1386 2962 protuli,
1436 2910 1495 2947 re
1542 2896 1765 2961 rogator
1821 2892 2030 2961 duplici
2086 2892 2245 2946 modo
2299 2892 2360 2945 in
2414 2891 2629 2960 legibus
2684 2892 2900 2959 peccat;

446 2996 574 3032 nam
614 2979 856 3048 primum
907 2981 1132 3048 quidem
1177 2982 1421 3050 rogatio,
1471 3000 1641 3050 quam
1686 2982 1783 3035 ille
1830 2979 2045 3035 laturus
2100 2984 2198 3046 est,
2254 2982 2404 3049 leges
2458 2979 2649 3042 violat,
2707 2979 2903 3033 deinde
2959 3053 2964 3057 .

446 3070 633 3121 autem
671 3072 915 3137 potestas
951 3070 1305 3139 rogationum
1350 3071 1700 3125 ferendarum
1747 3072 1818 3125 ab
1864 3071 2085 3125 homine
2131 3070 2313 3140 capite
2359 3069 2644 3124 deminuto
2690 3068 2901 3122 abiudi-

446 3159 572 3210 cata
597 3160 700 3212 est.

629 3262 673 3329 ³)
709 3264 862 3318 Idem
901 3265 967 3318 de
1004 3266 1083 3319 eis
1120 3266 1474 3321 sollemnibus
1520 3266 1758 3320 comitiis
1796 3267 1965 3331 valet,
2015 3266 2076 3319 in
2123 3265 2324 3333 quibus
2379 3265 2624 3319 civitatis
2680 3265 2905 3318 donatio

446 3355 573 3406 rata
615 3353 693 3407 fit.
788 3354 935 3408 Nam
990 3355 1345 3423 antiquarum
1401 3355 1698 3409 civitatum
1750 3355 2115 3409 fundamenta
2169 3355 2230 3407 in
2289 3354 2629 3423 gentilitatis
2682 3353 2904 3407 vinculo

448 3441 632 3509 posita
669 3446 845 3507 erant,
890 3444 1067 3512 »quod
1105 3444 1357 3512 gentium
1395 3462 1460 3499 ac
1485 3443 1827 3499 familiarum
1846 3444 2182 3507 vinculum«,
2211 3446 2277 3497 ut
2297 3442 2380 3497 ait
2399 3443 2662 3496 Schenkl:
2688 3443 2902 3498 »Wien.

448 3529 635 3584 Stud.‹
678 3532 733 3585 Π
769 3551 822 3601 p.
867 3535 967 3587 162
1008 3533 1091 3600 [cf.
1132 3533 1305 3588 etiam
1352 3534 1482 3588 ibid.
1523 3534 1574 3588 V
1594 3532 1700 3600 52]‚
1745 3551 1901 3586 »cum
1938 3550 1972 3587 a
2018 3532 2123 3586 diis
2168 3532 2303 3601 ipsis
2348 3530 2673 3586 institutum
2719 3533 2904 3586 existi-

447 3623 668 3674 marent
702 3624 913 3676 veteres
951 3622 1162 3686 Graeci,
1201 3626 1452 3677 sanctum
1497 3624 1557 3677 id
1602 3623 1885 3677 habebant
1930 3621 2027 3686 ita,
2075 3624 2141 3675 ut
2185 3622 2340 3676 nefas
2383 3621 2653 3676 haberent
2696 3620 2905 3674 vinculi

446 3707 601 3763 illius
638 3709 1025 3779 integritatem
1064 3711 1184 3765 ulla
1219 3729 1277 3765 re
1313 3712 1569 3765 imminui
1604 3713 1697 3766 vel
1732 3711 2033 3779 inquinari.
2091 3710 2310 3764 Civium
2345 3709 2523 3778 igitur
2559 3710 2678 3763 iure
2706 3710 2753 3762 is
2780 3713 2902 3764 tan—

446 3798 730 3852 tummodo
775 3798 886 3853 frui
926 3802 1161 3868 poterat,
1210 3801 1307 3868 qui
1343 3800 1591 3870 legitime
1628 3801 1952 3870 parentibus
1990 3799 2201 3855 civibus
2229 3803 2380 3854 ortus
2408 3799 2628 3854 cuidam
2655 3798 2905 3852 familiae

450 3891 591 3941 esset
628 3888 987 3958 adscriptus«.
1062 3890 1256 3944 Nihilo
1293 3893 1482 3944 tamen
1518 3891 1690 3943 secius
1728 3889 2010 3959 peregrini
2056 3889 2264 3958 optime
2311 3889 2377 3943 de
2421 3907 2481 3943 re
2524 3888 2749 3957 publica
2792 3904 2902 3940 me-

447 3975 545 4030 riti
599 3975 828 4032 civitate
883 3978 1120 4047 praemii
1180 3996 1347 4033 causa
1401 3978 1745 4047 populiscitis
1789 3977 1960 4047 privis
2016 3978 2210 4033 donati
2255 3981 2398 4032 sunt.
2493 3978 2697 4031 Verum
2742 3975 2801 4029 id
2847 3979 2904 4031 et

450 4064 576 4119 deos
613 4068 671 4120 et
706 4084 863 4122 sacra
906 4067 988 4121 rei
1031 4067 1287 4136 publicae
1337 4067 1601 4122 instituta
1646 4069 1907 4138 legesque
1951 4067 2217 4122 violabat.
2309 4067 2487 4132 Quare
2532 4068 2622 4121 lex
2666 4065 2792 4131 fuit,
2838 4069 2904 4120 ut

449 4152 697 4208 civitatis
734 4155 1014 4209 decretum
1051 4172 1086 4209 a
1130 4158 1251 4210 toto
1298 4156 1708 4211 confirmaretur
1751 4155 1976 4226 populo,
2031 4156 2128 4223 qui
2175 4156 2504 4225 populiscito
2549 4155 2708 4223 privo
2755 4156 2903 4209 facto

448 4242 635 4297 omnia
671 4243 1012 4312 gentilitatis
1048 4244 1173 4298 iura
1209 4244 1280 4298 ad
1316 4261 1521 4298 novum
1556 4245 1733 4299 civem
1770 4244 1993 4301 detulit.

632 4330 673 4395 ⁴)
693 4333 790 4397 Ea,
813 4350 957 4401 quae
976 4333 1043 4387 de
1061 4333 1149 4386 his
1167 4333 1327 4388 rebus
1347 4333 1693 4402 expositurus
1710 4352 1848 4397 sum,
1875 4334 2098 4404 penitus
2115 4333 2229 4388 fere
2248 4350 2315 4388 ex
2332 4333 2668 4402 reliquorum
2687 4333 2902 4403 populi-

447 4419 710 4475 scitorum
736 4422 1019 4491 privorum
1046 4422 1413 4476 similitudine
1440 4423 1674 4477 collecta
1700 4426 1847 4487 sunt,
1875 4441 2000 4477 cum
2029 4423 2096 4476 de
2124 4418 2296 4482 ἁδείας
2323 4421 2545 4477 datione
2571 4422 2905 4491 paucissima

450 4510 784 4565 tradiderint
820 4511 1111 4581 scriptores
1146 4515 1382 4576 veteres3
1422 4511 1487 4565 cf.
1527 4512 1794 4565 Valeton:
1831 4512 2093 4566 Mnemos.
2133 4530 2186 4565 n.
2225 4529 2266 4564 s.
2306 4510 2408 4564 XV
2447 4529 2500 4579 p.
2548 4512 2635 4577 25,
2682 4512 2779 4579 qui
2825 4511 2903 4566 ci-

447 4596 637 4653 vitatis
677 4603 734 4654 et
770 4600 1128 4669 impunitatis
1166 4600 1379 4654 dandae
1422 4600 1624 4655 »ritum
1662 4603 1718 4654 et
1766 4601 1989 4654 modum
2036 4617 2255 4670 prorsus
2302 4599 2510 4654 similia
2551 4601 2700 4655 inter
2745 4618 2800 4654 se
2845 4603 2902 4654 et

444 4687 653 4744 eadem.
672 4688 868 4742 fuisse«
912 4688 1061 4744 dicit.
