3567 5392
1581 396 1664 458 11-

328 636 339 649 .
394 589 773 656 decennium
821 589 966 673 quis
1010 608 1147 655 rem
1194 587 1579 654 familiarem
1634 587 1842 654 exulis
1911 585 2487 671 administraverit,
2541 606 2669 651 non
2723 593 2853 651 tra-

394 696 593 762 ditur:
660 696 1057 781 propinquos
1121 701 1236 761 aut
1297 695 1543 762 amicos
1608 694 1677 760 id
1740 694 1978 761 fecisse
2041 693 2394 761 verisimile
2458 699 2576 761 est.
2690 691 2852 758 Cum

392 803 594 887 igitur
630 803 752 868 hoc
786 803 1116 888 proprium
1155 802 1333 868 illius
1372 809 1547 868 esset
1584 801 1780 885 exilii,
1817 806 1889 866 ut
1922 820 2132 884 neque
2169 800 2341 866 bona
2368 799 2857 884 publicarentur

395 916 462 977 et
489 916 744 996 tempus
774 909 953 976 exilii
979 909 1531 994 determinaretur,
1545 909 1592 989 ¹)
1622 928 1751 973 non
1778 908 1976 974 verbo
1997 920 2208 995 φυγῆς,
2232 906 2350 974 sed
2372 911 2788 994 μεταστάσεως
2801 906 2853 993 ²)

396 1019 742 1083 utebantur
787 1017 853 1082 in
899 1017 1037 1082 iure
1082 1016 1342 1101 publico
1394 1014 1851 1082 Athenienses,
1946 1012 2353 1097 Quamquam
2410 1020 2625 1079 autem
2679 1003 2876 1080 totus‘

390 1124 672 1211 populus
728 1161 797 1172 —
853 1144 969 1190 sex
1025 1123 1195 1189 enim
1247 1122 1430 1187 milia
1475 1121 1984 1206 Atheniensium,
2041 1121 2150 1204 qui
2203 1140 2506 1186 numerus
2551 1120 2855 1186 minimus

396 1237 540 1298 erat
604 1250 841 1310 eorum,
908 1250 1071 1313 quos
1134 1230 1203 1296 in
1266 1220 1583 1313 suffragia
1646 1228 1741 1294 ire
1809 1228 2167 1313 oportebat,
2232 1247 2314 1294 ex
2377 1226 2637 1293 fictione
2694 1227 2854 1292 iuris

395 1337 641 1424 publici
685 1338 886 1404 Attici
932 1338 1132 1404 totius
1177 1336 1401 1422 populi
1445 1335 1590 1401 loco
1646 1335 2143 1419 fungebantur⁸)
2188 1373 2278 1381 —
2325 1320 2588 1400 exilium
2634 1332 2852 1399 decre-

395 1451 598 1529 verat,
643 1443 783 1511 fieri
830 1452 1049 1510 tamen
1093 1444 1321 1529 potuit,
1367 1450 1438 1508 ut
1481 1463 1695 1528 poena
1725 1442 2154 1509 remitteretur
2184 1448 2250 1507 et
2274 1448 2528 1526 tempus
2556 1441 2854 1507 remotio-

397 1551 500 1618 nis
555 1552 965 1619 minueretur.
1057 1551 1194 1618 Nec
1241 1550 1437 1636 pauci
1484 1549 1709 1617 exules
1756 1555 1910 1614 ante
1957 1548 2275 1614 decimum
2321 1569 2557 1613 annum
2602 1547 2853 1633 populi-

400 1659 564 1726 scito
618 1658 906 1724 revocati
961 1664 1125 1723 sunt.
1135 1658 1189 1738 4)
1299 1655 1672 1723 Revocandi
1737 1662 1955 1722 autem
2019 1654 2249 1722 modus
2305 1654 2857 1722 extraordinarius

385 1764 657 1831 -videtur
702 1764 935 1831 fuisse:
982 1764 1152 1830 hanc
1200 1763 1370 1830 enim
1424 1763 1829 1847 rogationem
1885 1761 1971 1828 ad
2029 1763 2338 1850 populum
2394 1761 2561 1828 ferre
2617 1762 2856 1828 nemini

400 1871 666 1939 licuisse
694 1871 824 1938 nisi
853 1871 1258 1957 impunitatis
1286 1870 1692 1954 indulgentia
1722 1870 2072 1956 impetrata
2101 1870 2329 1955 opinor
2349 1869 2796 1936 Schoemanno
2807 1870 2856 1948 ὅ)

402 1978 861 2064 adstipulatus.
919 1979 1016 2045 Ac
1054 1977 1305 2045 duobus
1333 1978 1665 2043 Plutarchi
1699 1977 1922 2055 locis⁶)
1972 1976 2376 2061 significatur
2407 1976 2475 2042 id
2506 1978 2859 2043 revocatio·

401 2086 506 2153 nis
560 2085 971 2171 privilegium
1022 2086 1149 2153 nisi
1204 2086 1498 2152 sollemni
1552 2085 1995 2171 psephismate
2051 2085 2328 2169 irrogari
2371 2104 2502 2150 non
2546 2084 2862 2170 potuisse,

405 2213 795 2276 quamquam
840 2213 969 2258 non
1016 2192 1299 2258 dilucide
1345 2192 1583 2258 dicitur
1628 2192 1725 2258 eis
1772 2192 2181 2277 rogatoribus
2230 2192 2402 2277 ἀδείᾳ
2439 2213 2600 2278 opus
2638 2191 2862 2259 fuisse.

405 2297 549 2376 Qua
606 2299 864 2365 obiecta
922 2298 1305 2364 difficultate
1358 2299 1788 2384 prohibebant
1843 2298 2302 2385 Athenienses,
2348 2320 2430 2365 ne
2476 2299 2730 2383 rogatio
2778 2298 2862 2366 de

402 2405 792 2471 revocandis
840 2406 1135 2473 exulibus
1181 2407 1446 2492 saepius
1491 2406 1781 2473 ferretur.

595 2637 641 2706 ¹)
680 2638 747 2694 cf.
785 2638 1155 2694 Schoemann:
1199 2639 1298 2694 »de
1335 2654 1471 2695 com.
1510 2640 1673 2694 Ath.‹
1715 2658 1768 2709 p.
1808 2640 1940 2706 246;
1989 2639 2139 2695 Suid.
2178 2659 2218 2693 e.
2256 2658 2307 2694 v.
2348 2636 2690 2709 ὀστρακισμὸς.

592 2725 634 2796 ²)
673 2727 739 2784 cf.
778 2728 1007 2784 Aristot.
1045 2729 1162 2783 Pol.
1199 2728 1282 2783 111
1322 2729 1390 2783 13
1427 2747 1481 2798 p.
1522 2729 1729 2794 1284a3
1785 2728 1988 2798 [Dem.]
2028 2730 2210 2784 XXVI
2248 2731 2282 2784 6
2292 2752 2307 2796 3
2359 2730 2485 2785 Lex.
2524 2731 2688 2785 Rhet.
2726 2730 2868 2785 Can-

405 2817 548 2872 tabr.
588 2835 630 2873 s.
667 2835 720 2872 v.
759 2813 888 2887 ὀστρ.
925 2816 1102 2889 τρόπος
1143 2818 1417 2887 [Philoch.
1454 2818 1519 2873 fr.
1559 2818 1672 2873 79b
1709 2819 1795 2874 ed.
1840 2818 2082 2887 Muell.];
2138 2819 2205 2874 cf.
2254 2819 2623 2875 Schoemann:
2675 2820 2868 2875 ›Anti-

417 2905 559 2974 quit.
597 2896 717 2960 iur.
738 2906 891 2977 publ.
931 2907 1153 2962 Graec«
1194 2926 1248 2978 p.
1289 2908 1375 2972 98,
1414 2906 1511 2975 qui
1548 2906 1846 2976 μετάστασιν
1882 2908 2149 2963 vocabulo
2184 2909 2503 2963 remotionis
2540 2909 2725 2964 vertit.

591 2992 640 3062 ⁸)
681 2995 747 3050 de
783 2995 871 3050 his
909 2995 976 3049 cf.
1017 2996 1115 3051 alt.
1155 2999 1507 3051 commentat.
1547 2996 1669 3051 libr.
1710 3014 1830 3066 cap.
1868 2997 1911 3051 1.

590 3083 635 3150 ⁴)
674 3085 740 3139 cf.
780 3085 1146 3141 Schoemann:
1189 3087 1288 3141 »de
1326 3104 1461 3143 com.
1500 3086 1665 3141 Ath.«
1707 3105 1760 3156 p.
1799 3087 1920 3142 246.

593 3171 644 3241 ⁶)
683 3174 748 3229 cf.
788 3175 1046 3230 eundem:
1099 3176 1348 3231 »Griech
1389 3176 1624 3231 Altera«
1679 3176 1705 3229 I
1743 3177 1875 3242 3993
1925 3177 2525 3247 Mueller-Struebing:
2577 3177 2775 3232 »Ar-ist.
2814 3196 2868 3234 u.

408 3261 461 3315 d.
499 3261 630 3317 hist.
666 3262 845 3319 Krita
885 3263 1052 3333 (Lips.
1094 3264 1343 3334 1873).p.
1383 3266 1578 3333 313sq.

595 3349 641 3419 ⁶)
676 3352 826 3407 Plut.
872 3352 1064 3408 Pericl.
1112 3354 1188 3419 X;
1246 3354 1384 3411 Cim.
1431 3355 1615 3421 XVII3
1671 3355 1738 3409 cf.
1786 3355 1936 3410 Plut.
1983 3354 2210 3410 Aristid.
2259 3355 2416 3409 VIII:
2473 3352 2637 3426 Τρίτῳ
2683 3352 2729 3406 δ’
2776 3353 2872 3409 ἔτει

410 3436 594 3508 Ξέρξου
633 3437 714 3492 διὰ
752 3436 1029 3502 Θετταλίας
1065 3441 1152 3495 καὶ
1182 3439 1428 3504 Βοιωτίας
1463 3441 1754 3505 ἐλαύνοντος
1794 3441 1870 3495 ἐπὶ
1905 3443 2001 3515 τὴν
2029 3442 2290 3515 Ἀττικήν,
2328 3441 2566 3505 λύσαντες
2602 3444 2684 3496 τὸν
2720 3444 2871 3517 νόμον

413 3526 722 3599 ἐψηφίσαντο
758 3535 863 3592 τοῖς
902 3530 1184 3600 μεθεστῶσι
1219 3532 1308 3594 (ef.
1351 3532 1556 3602 [Dem.]
1581 3534 1764 3589 XXVI
1804 3534 1862 3600 63
1903 3535 2137 3605 Lugebil
2181 3534 2220 3589 l.
2268 3535 2303 3588 l.
2350 3553 2403 3604 p.
2456 3536 2583 3603 132)
2629 3533 2871 3588 κάθοδον.

414 3619 584 3674 Cuius
621 3621 839 3689 generis
875 3622 1060 3676 exules
1088 3622 1422 3677 Plutarchus
1458 3623 1749 3693 significet,
1785 3623 2144 3678 manifestum
2181 3626 2280 3678 est.
2337 3623 2544 3693 Agitur
2579 3627 2874 3699 praecipue

415 3708 484 3763 de
508 3709 823 3776 revocando
859 3710 1119 3776 Aristide,
1157 3711 1256 3780 qui
1293 3715 1565 3767 testarum
1601 3712 1882 3783 suffragiis
1919 3730 1949 3768 e
1985 3713 2172 3783 patria
2208 3717 2329 3769 erat
2366 3714 2571 3770 eiectus
2608 3716 2699 3781 (cf.
2735 3717 2870 3773 ibid.

414 3793 557 3865 V113.
640 3798 829 3854 Etiam
877 3800 1071 3856 verba:
1118 3797 1359 3862 λύσαντες
1405 3800 1488 3853 τὸν
1535 3800 1683 3871 νόμον
1731 3802 1823 3870 (sc.
1871 3799 1945 3852 ἐπ’
1997 3799 2160 3872 ἀνδρί)
2204 3803 2276 3857 ad
2324 3805 2709 3859 ostracismum
2754 3825 2873 3877 per-

416 3884 595 3940 tinere
630 3886 772 3942 mihi
807 3887 1082 3944 videntur.
1143 3890 1287 3957 Quid
1324 3894 1514 3946 autem
1550 3891 1655 3947 hoc
1691 3892 1810 3946 loco
1837 3909 2097 3947 numerus
2132 3891 2366 3961 pluralis
2403 3893 2535 3960 (τοῖς
2571 3893 2874 3964 μεθεστῶσι)

413 3973 709 4044 significat,
748 3994 873 4030 cum
910 3977 1047 4032 alios
1085 3995 1303 4048 quoque
1347 3980 1494 4035 viros
1522 3981 1843 4036 ostracismo
1872 3981 2125 4051 expulsos
2143 3998 2207 4036 eo
2224 3984 2471 4051 tempore
2489 4000 2604 4038 esse
2623 3987 2873 4043 auctores

411 4081 524 4118 non
567 4064 835 4120 tradant?
879 4066 1242 4122 Plutarchum
1286 4085 1420 4124 sane
1465 4070 1707 4125 diversas
1751 4087 1839 4124 res
1883 4069 2190 4125 confudisse
2234 4071 2323 4126 vel
2369 4071 2556 4141 potius
2600 4090 2716 4128 rem
2762 4094 2873 4132 non

415 4156 670 4209 accurate
707 4155 1020 4223 exposuisse
1055 4156 1262 4226 opinor.
1337 4158 1481 4212 Tum
1517 4159 1668 4214 enim
1705 4176 1909 4225 omneS,
1948 4160 2121 4215 etiam
2156 4159 2216 4225 ii,
2255 4159 2352 4228 qui
2401 4178 2512 4216 non
2558 4180 2656 4232 per
2699 4169 2872 4223 ostra·

414 4242 662 4309 cismum,
693 4243 788 4298 sed
817 4243 928 4299 alio
945 4245 1107 4300 modo
1126 4247 1312 4301 exules
1331 4248 1467 4303 facti
1488 4252 1647 4303 erant
1665 4252 1722 4304 et
1741 4252 1967 4319 propter
1983 4249 2212 4304 exilium
2234 4250 2322 4316 (cf.
2343 4251 2485 4307 And.
2510 4253 2577 4308 de
2594 4259 2758 4323 myst.
2781 4257 2872 4327 78)

415 4336 665 4401 expertes
703 4333 1024 4399 amnestiae,
1059 4338 1344 4391 revocatos
1390 4354 1505 4393 esse
1540 4338 1842 4393 verisimile
1880 4341 1980 4404 est,
2028 4339 2222 4408 itaque
2269 4339 2328 4393 id
2373 4341 2523 4409 quod
2569 4343 2875 4402 Andocides

415 4421 505 4486 (de
552 4424 716 4491 myst.
778 4422 904 4491 107)
960 4423 1028 4478 de
1079 4442 1272 4494 pugna
1325 4427 1474 4495 apud
1525 4427 1860 4482 Marathona
1912 4427 2202 4483 commissa
2252 4428 2443 4495 tradit,
2500 4431 2573 4485 ad
2624 4450 2874 4503 pugnam

415 4509 780 4566 Salaminiam
824 4511 1169 4568 referendum
1224 4530 1340 4570 esse
1393 4533 1518 4570 cum
1574 4515 1767 4572 Oarolo
1822 4516 2053 4572 Scheibe
2111 4516 2449 4586 [»Oligarch.
2496 4519 2756 4577 Umwalz.
2805 4543 2873 4580 zu

414 4599 581 4654 Am«
619 4599 786 4670 (Lips.
829 4600 986 4669 1841)
1020 4620 1076 4671 P.
1113 4602 1183 4658 38
1219 4603 1346 4658 adn.
1388 4603 1477 4673 19]
1514 4605 1763 4660 arbitror.
1810 4606 2022 4661 Horum
2058 4606 2288 4663 exilium
2325 4608 2489 4662 verbo
2524 4610 2875 4677 μεταστάσεως

415 4704 527 4742 non
564 4692 817 4745 accurate
852 4690 1189 4761 significavit
1225 4692 1572 4749 Plutarchus.
