3567 5392
1607 436 1730 501 125

605 627 708 692 Ad
757 649 947 710 quam
998 629 1272 694 Gilberti
1322 630 1708 695 sententiam
1758 629 2256 694 examinandam
2313 629 2445 694 iam
2503 650 2885 697 accessurus

427 755 584 799 sum.
675 735 758 799 Et
806 734 887 800 de
934 736 1084 820 ipsa
1129 757 1200 801 re
1248 756 1638 819 quamquam
1678 742 1976 802 auctores
2006 736 2166 801 nihil
2194 736 2329 802 fere
2360 736 2639 820 tradunt,
2667 743 2884 801 tamen

425 861 543 925 pro
592 849 767 906 certo
816 840 948 906 dici
968 885 971 888 -
992 848 1211 927 potest
1239 843 1630 925 reliquorum
1660 848 2047 930 ψηφισμάτων
2077 843 2166 906 ἐπ’
2201 845 2366 929 ἀνδρί
2395 843 2882 926 irrogandorum

425 949 738 1031 rationes,
815 950 1179 1014 ostracismi
1245 949 1528 1014 habendi
1593 957 1659 1014 et
1723 950 2008 1015 civitatis
2074 949 2445 1034 donandae,
2521 951 2883 1017 simillimas

426 1054 628 1121 fuisse
676 1064 872 1138 atque
920 1057 1141 1140 ἀδείας,
1189 1076 1388 1139 quare
1436 1057 1668 1140 omnia,
1716 1077 1885 1139 quae
1933 1055 2015 1121 de
2062 1057 2194 1122 illis
2252 1056 2496 1122 tradita
2552 1057 2883 1142 habemus,

424 1162 491 1224 in
536 1162 706 1227 hane
751 1161 1104 1228 transferre
1151 1162 1322 1230 licet.

603 1270 698 1333 Ac
744 1269 1017 1353 primum
1066 1269 1326 1352 quidem
1373 1269 1456 1334 de
1505 1270 1871 1335 ostracismi
1927 1269 2210 1334 habendi
2255 1269 2446 1334 modo
2496 1290 2574 1334 ac
2628 1270 2881 1336 ratione

426 1395 640 1459 pauca
689 1375 921 1441 dicam.
1017 1376 1089 1439 In
1146 1377 1358 1460 prima
1415 1383 1641 1441 sextae
1695 1374 2103 1461 prytaniae1)
2172 1377 2469 1442 contione
2535 1377 2882 1459 quotannis

423 1605 553 1659 Alia
611 1609 799 1660 autem
852 1607 968 1661 eius
1023 1604 1193 1667 ἀδείας
1252 1607 1491 1661 dationis
1545 1608 1690 1662 ratio
1745 1610 1854 1672 est,
1923 1608 2079 1661 cuius
2143 1608 2407 1676 possessio
2476 1625 2573 1676 per
2641 1625 2698 1661 se
2759 1608 2898 1676 ipsa·

425 1694 580 1747 utilis
618 1698 701 1749 est
739 1696 811 1760 (v.
851 1714 1018 1764 supra
1053 1696 1112 1749 in
1150 1696 1291 1749 libro
1328 1696 1508 1764 priore
1545 1715 1586 1751 s.
1627 1698 1719 1762 B):
1758 1696 1820 1750 in
1855 1697 1959 1750 hoc
1995 1692 2166 1756 ἀδείας
2204 1713 2404 1765 genere
2441 1698 2612 1751 tertia
2647 1697 2763 1761 illa,
2813 1697 2881 1750 de

426 1800 539 1850 qua
574 1801 740 1853 supra
778 1785 1033 1850 diximus,
1073 1785 1255 1847 contio
1301 1787 1481 1840 locum
1528 1804 1639 1839 non
1686 1786 1880 1849 habet3
1929 1785 2022 1840 sed
2067 1803 2137 1839 ne
2181 1785 2241 1838 id
2288 1785 2526 1852 quidem,
2575 1789 2761 1839 utrum
2809 1786 2880 1839 ad

425 1872 569 1926 hanc
605 1869 774 1922 ἄδειαν
812 1874 1050 1928 dandam
1089 1875 1302 1928 duabus
1331 1875 1677 1928 contionibus
1714 1891 1850 1942 opus
1878 1874 2047 1927 fuerit
2076 1890 2262 1938 necne,
2302 1877 2597 1942 utrumque
2635 1892 2702 1928 ea
2739 1871 2882 1924 ἄδεια

423 1961 663 2030 simplici
712 1963 1086 2032 psephismate
1143 1981 1216 2017 an
1269 1964 1625 2017 sollemnibus
1672 1979 1866 2017 senum
1922 1963 2141 2017 milium
2199 1964 2476 2033 suffragiis
2533 1964 2750 2018 tributa
2803 1963 2880 2016 sit

427 2049 515 2117 [cf.
553 2052 814 2105 Mnemos.
861 2071 916 2105 n.
955 2070 995 2105 s.
1034 2052 1137 2105 XV
1174 2071 1227 2120 p.
1268 2053 1301 2104 2
1338 2056 1395 2106 et
1443 2053 1567 2107 adn.
1616 2052 1672 2119 6]
1721 2069 1822 2121 pro
1878 2056 2025 2106 certo
2081 2052 2190 2106 dici
2244 2056 2441 2121 potest.
2534 2052 2726 2106 Fidem
2780 2070 2878 2121 pu-

421 2139 621 2194 blicam
664 2141 889 2208 quidem
925 2142 986 2194 in
1022 2160 1135 2195 una
1171 2142 1425 2196 contione
1462 2142 1795 2211 populiscito
1824 2141 2103 2197 decretam
2130 2158 2244 2196 esse
2272 2141 2740 2196 verisimillimum
2778 2144 2878 2203 est,

422 2228 678 2297 idemque
716 2229 783 2283 (10
819 2230 1159 2299 impunitate
1197 2231 1472 2285 indicibus
1510 2231 1709 2295 danda,
1748 2248 1919 2298 quam
1954 2248 2071 2285 rem
2109 2248 2275 2298 quam
2316 2231 2598 2285 celerrime
2635 2229 2880 2298 expediri

422 2318 726 2386 oportuisse
759 2323 908 2374 recte
955 2319 1157 2374 dixerit
1204 2320 1498 2389 quispiam,
1545 2320 1783 2374 valuisse
1829 2319 2084 2373 nonnulli
2130 2323 2409 2374 oratorum
2455 2320 2561 2373 loci
2609 2320 2716 2372 huc
2761 2336 2876 2387 per—

422 2407 664 2461 tinentes
703 2408 1075 2464 demonstrare
1120 2410 1394 2463 videntur.
1480 2408 1769 2478 [Exempla
1805 2409 2160 2478 impunitatis
2197 2413 2445 2478 μηνυταῖς
2484 2426 2767 2462 concessae
2802 2408 2877 2462 le-

421 2500 631 2566 guntur
680 2514 724 2551 e.
774 2516 818 2551 c.
867 2498 1016 2567 apud
1070 2499 1408 2552 Andocidem
1470 2499 1536 2551 de
1591 2502 1753 2566 myst.
1804 2500 1881 2551 12.
1923 2500 1991 2552 15
2047 2501 2104 2552 et
2161 2498 2310 2566 apud
2363 2498 2585 2566 Lysiam
2640 2497 2773 2550 XIII
2791 2498 2875 2551 55.

422 2586 592 2639 Extat
639 2586 813 2640 etiam
855 2587 1020 2641 huius
1067 2584 1238 2647 ἀδείας
1285 2586 1668 2641 testimonium
1721 2587 1781 2639 in
1837 2588 2084 2642 oratione
2144 2587 2440 2641 Andocidis
2498 2586 2736 2641 secunda
2791 2584 2881 2652 ((10

420 2674 650 2741 reditu),
704 2675 763 2728 in
820 2694 933 2744 qua
982 2694 1017 2730 a
1068 2676 1271 2745 populo
1328 2672 1471 2725 ἄδεια
1527 2676 1763 2744 petitur3
1824 2680 1885 2729 at
1938 2692 2068 2729 vero
2124 2676 2190 2729 de
2243 2674 2598 2729 restitutione
2653 2678 2878 2727 tantum

421 2763 615 2832 prioris
652 2764 856 2819 decreti
902 2766 1005 2819 hoc
1049 2765 1168 2818 loco
1205 2765 1394 2834 agitur
1432 2765 1502 2828 (v.
1544 2783 1709 2834 supra
1745 2783 1798 2833 p.
1841 2765 1985 2829 12‚1;
2042 2767 2283 2818 ceterum
2332 2767 2516 2818 orator
2563 2763 2876 2832 illegitime,

420 2853 474 2905 11.
540 2870 584 2907 0.
649 2854 979 2922 prytanibus
1041 2855 1277 2923 pecunia
1343 2854 1635 2923 corrupti8‚
1714 2854 1774 2907 in
1839 2853 2151 2907 contionem
2218 2854 2564 2906 introductus
2630 2855 2712 2905 est
2725 2874 2738 2917 ;
2807 2852 2873 2906 cf.

422 2941 611 2995 Meier:
670 2942 768 2996 »de
822 2943 944 2997 bon.
1005 2943 1220 2996 damna<
1271 2962 1323 3011 p.
1365 2944 1493 3007 1833
1541 2961 1592 2996 v.
1631 2961 1799 3010 supra.
1845 2961 1896 3010 p.
1938 2943 2100 3008 99‚3),
2157 2959 2327 3009 quare
2383 2941 2440 2994 id
2495 2941 2876 2995 testimonium

420 3047 530 3083 non
566 3031 702 3085 satis
740 3034 951 3085 certum
988 3030 1118 3099 est.)
1158 3062 1221 3068 —-
1262 3032 1520 3085 Ceterum
1558 3049 1639 3096 ea,
1679 3032 1745 3085 de
1783 3049 1896 3099 qua
1944 3033 2047 3085 hoc
2093 3031 2212 3084 loco
2258 3030 2536 3099 agendum
2583 3033 2682 3094 est,
2730 3029 2876 3083 ratio

420 3115 592 3179 ἀδείας
630 3120 848 3174 dandae
881 3120 1033 3177 haud
1069 3121 1180 3174 0010
1217 3139 1289 3174 011
1327 3124 1527 3188 quarto
1557 3121 1778 3175 demum
1808 3138 1857 3174 0.
1888 3120 2013 3174 Chr.
2044 3139 2096 3173 n.
2125 3120 2341 3174 saeculo
2369 3120 2427 3172 in
2456 3136 2616 3172 usum
2644 3119 2874 3173 venerit.

420 3208 564 3262 Nam
613 3212 803 3263 utrum
846 3210 1121 3278 prioribus
1167 3211 1505 3278 temporibus
1551 3226 1618 3262 ex
1671 3210 1934 3278 analogia
1987 3209 2294 3263 ostracismi
2347 3208 2589 3262 habendi
2643 3209 2876 3277 populus

420 3293 589 3348 ἄδειαν
612 3298 825 3353 dederit
844 3316 917 3352 an
934 3298 1100 3353 initio
1120 3299 1342 3367 quidem
1361 3316 1428 3352 ex
1456 3298 1851 3352 consuetudine
1871 3298 2118 3352 civitatis
2138 3298 2353 3352 dandae
2373 3297 2764 3367 simpliciorem
2783 3314 2876 3366 po-

419 3387 665 3455 pulisciti
702 3387 848 3456 privi
884 3388 1167 3457 irrogandi
1204 3387 1425 3441 modum
1465 3387 1781 3442 adhibuerit
1809 3386 1884 3454 [V.
1914 3387 2062 3440 infra
2088 3405 2141 3456 p.
2176 3388 2276 3441 140
2309 3387 2433 3441 adn.
2473 3386 2541 3454 1]‚
2574 3386 2879 3455 disceptare

418 3493 645 3543 neque0.
720 3476 785 3530 Id
821 3495 994 3530 unum
1040 3481 1288 3531 constare
1334 3477 1570 3539 videtur,
1616 3477 1745 3531 inde
1794 3477 1863 3531 ab
1926 3476 2091 3529 initio
2136 3475 2360 3530 veniam
2404 3476 2638 3543 rogandi
2685 3493 2877 3529 senum

418 3565 637 3618 milium
703 3565 982 3635 suffragiis
1044 3567 1348 3635 irrogatam
1406 3584 1534 3620 esse.
1648 3566 1825 3631 Quam
1882 3563 2052 3616 ἄδειαν
2107 3566 2221 3619 10111
2277 3566 2475 3633 quinto
2533 3584 2581 3620 0.
2640 3565 2764 3620 Chr.
2821 3583 2874 3618 n.

419 3655 635 3708 saeculo
674 3655 951 3710 decretam
989 3673 1103 3709 esse
1139 3656 1408 3709 nonnulla
1436 3656 1689 3724 exempla
1716 3656 1928 3710 docent.
2004 3657 2086 3708 Ac
2121 3655 2360 3724 primurn
2397 3655 2562 3708 huius
2595 3654 2878 3723 privilegii

419 3746 628 3797 certum
665 3744 977 3812 exemplum
1023 3745 1083 3797 in
1131 3744 1272 3798 OJA.
1313 3745 1339 3798 I
1358 3745 1484 3799 3213
1522 3748 1696 3807 extat,
1743 3762 1907 3813 quem
1953 3744 2189 3798 titulum
2235 3762 2380 3798 anno
2419 3743 2572 3809 43514
2610 3743 2877 3812 scriptum

419 3849 533 3886 0000
568 3831 859 3886 Kirchhoff
889 3832 1113 3900 quidem
1152 3837 1336 3887 censet
1373 3834 1444 3899 (v.
1485 3852 1650 3902 supra
1686 3852 1738 3902 p.
1776 3835 1849 3887 64
1885 3833 2010 3887 adn.
2049 3833 2131 3900 4);
2170 3834 2411 3887 alterum
2449 3833 2509 3886 in
2546 3832 2875 3886 Patroclidis

421 3921 751 3989 populiscito
790 3939 838 3976 a.
877 3923 985 3976 405
1022 3922 1185 3986 fact0‚
1227 3922 1374 3989 quod
1411 3923 1480 3976 ab
1521 3922 1801 3976 Andocide
1837 3921 1925 3990 (de
1962 3925 2127 3989 myst.
2169 3922 2200 3975 7
2206 3923 2234 3972 7
2275 3922 2417 3990 sqq.)
2456 3921 2729 3975 traditum
2773 3924 2874 3975 est.

418 4009 624 4064 Verum
662 4028 729 4064 ex
775 4010 862 4064 1110
908 4010 1253 4079 populiscitis
1300 4011 1445 4064 nihil
1495 4012 1561 4066 (10
1607 4008 1779 4071 ἀδείας
1854 4010 2068 4065 (1011(100
2113 4010 2330 4065 ratione
2375 4010 2743 4078 colligendum
2790 4013 2876 4063 est

418 4098 488 4167 (v.
510 4117 678 4168 supra
694 4118 747 4168 p.
777 4102 875 4153 119
906 4099 1031 4153 adn.
1056 4101 1090 4153 4
1112 4117 1158 4154 0.
1175 4100 1256 4166 fi).
1314 4100 1372 4154 Si
1394 4104 1582 4155 autem
1609 4099 1846 4169 populus
1875 4098 2300 4154 Atheniensium
2325 4099 2385 4152 in
2412 4096 2554 4166 ἀδείᾳ
2578 4098 2876 4168 irroganda

418 4188 848 4245 similitudinem·
881 4189 1127 4243 civitatis
1164 4189 1380 4243 dandae
1416 4193 1634 4244 secutus
1672 4193 1772 4251 est,
1812 4189 2008 4256 quinto
2048 4188 2273 4256 quidem
2311 4206 2360 4242 0.
2402 4188 2525 4242 Chr.
2564 4207 2618 4241 n.
2658 4188 2873 4242 saeculo

418 4277 522 4331 hoc
555 4278 754 4332 veniae
790 4277 1025 4346 rogandi
1061 4278 1419 4347 privilegium
1457 4278 1517 4332 in
1553 4297 1667 4333 una
1703 4278 1959 4333 contione
2004 4306 2061 4314 —
2104 4293 2297 4331 senum
2341 4277 2557 4331 milium
2595 4276 2873 4345 suffragiis

418 4366 547 4421 latis
591 4395 652 4404 ’-
692 4370 878 4420 ratum
917 4369 1000 4421 est
1035 4367 1246 4421 factum
1283 4370 1342 4422 et
1379 4370 1579 4435 quarto
1618 4367 1838 4422 demum
1878 4366 2096 4420 saeculo
2133 4367 2312 4420 tribus
2360 4367 2469 4426 (vel
2514 4365 2703 4435 potius
2740 4365 2873 4420 dua-

414 4456 537 4521 bus)
575 4456 924 4510 contionibus
961 4473 1096 4524 opus
1134 4456 1258 4509 fuit.

603 4543 640 4611 ¹)
679 4545 746 4599 cf.
784 4545 911 4599 Lex.
951 4546 1113 4599 Rhet.
1154 4544 1412 4599 Cantabr.
1453 4544 1706 4613 (append.
1744 4545 1814 4599 ad
1853 4544 2015 4622 Phot.
2053 4544 2136 4599 ed.
2167 4544 2399 4609 Person)
2434 4562 2488 4613 p.
2529 4543 2649 4608 672,
2659 4543 2723 4596 13
2751 4560 2869 4610 sqq.

416 4632 519 4701 (ed
558 4634 831 4688 Houtsma
867 4633 1068 4702 Lugd.-
1046 4634 1267 4688 -.Batav
1311 4634 1451 4687 1870
1487 4653 1539 4703 p.
1579 4634 1699 4701 20„
1738 4633 2013 4703 imprimis
2052 4634 2119 4687 cf.
2168 4634 2247 4687 de
2280 4633 2588 4688 ostracismi
2632 4631 2873 4694 habendi

418 4724 757 4792 temporibus
797 4727 854 4777 et
890 4723 1051 4777 modo
1088 4724 1355 4779 Valeton:
1393 4724 1657 4779 Mnemos.
1695 4741 1749 4778 11.
1788 4741 1829 4776 0.
1868 4723 1998 4777 XVI
2035 4740 2087 4791 p.
2132 4724 2158 4776 1
2198 4740 2315 4791 sqq.
2391 4724 2488 4790 Ea,
2518 4740 2662 4791 quae
2690 4722 2871 4775 Philo-
