<?xml version="1.0" encoding="UTF-8"?>
<!DOCTYPE html PUBLIC "-//W3C//DTD XHTML 1.0 Transitional//EN"
    "http://www.w3.org/TR/xhtml1/DTD/xhtml1-transitional.dtd">
<html xmlns="http://www.w3.org/1999/xhtml" xml:lang="en" lang="en">
 <head>
  <title>
</title>
<meta http-equiv="Content-Type" content="text/html;charset=utf-8" />
  <meta name='ocr-system' content='tesseract 3.04.00' />
  <meta name='ocr-capabilities' content='ocr_page ocr_carea ocr_par ocr_line ocrx_word'/>
</head>
<body>
  <div class='ocr_page' id='page_1' title='image "./deadeiasnotione00goldgoog_0140.png"; bbox 0 0 3567 5392; ppageno 0'>
   <div class='ocr_carea' id='block_1_1' title="bbox 1878 435 2005 502">
    <p class='ocr_par' dir='ltr' id='par_1_1' title="bbox 1878 435 2005 502">
     <span class='ocr_line' id='line_1_1' title="bbox 1878 435 2005 502; baseline -0.008 0"><span class='ocrx_word' id='word_1_1' title='bbox 1878 435 2005 502; x_wconf 85' lang='lat'>134</span> 
     </span>
    </p>
   </div>
   <div class='ocr_carea' id='block_1_2' title="bbox 1721 529 2149 536">
    <p class='ocr_par' dir='ltr' id='par_1_2' title="bbox 1721 529 2149 536">
     <span class='ocr_line' id='line_1_2' title="bbox 1721 529 2149 536; baseline 0 4856"><span class='ocrx_word' id='word_1_2' title='bbox 1721 529 2149 536; x_wconf 95' lang='lat' dir='ltr'> </span> 
     </span>
    </p>
   </div>
   <div class='ocr_carea' id='block_1_3' title="bbox 707 630 3174 1575">
    <p class='ocr_par' dir='ltr' id='par_1_3' title="bbox 707 630 3174 1575">
     <span class='ocr_line' id='line_1_3' title="bbox 708 630 3169 716; baseline -0.002 -17"><span class='ocrx_word' id='word_1_3' title='bbox 708 632 1378 700; x_wconf 84' lang='lat' dir='ltr'>Hauvette-Besnault</span> <span class='ocrx_word' id='word_1_4' title='bbox 1423 631 1680 716; x_wconf 89' lang='lat' dir='ltr'>quidem</span> <span class='ocrx_word' id='word_1_5' title='bbox 1734 633 1928 716; x_wconf 86' lang='lat' dir='ltr'>[„Les</span> <span class='ocrx_word' id='word_1_6' title='bbox 1976 632 2310 715; x_wconf 79' lang='lat' dir='ltr'>Strateges</span> <span class='ocrx_word' id='word_1_7' title='bbox 2356 630 2753 697; x_wconf 81' lang='lat' dir='ltr'>Atheniens“</span> <span class='ocrx_word' id='word_1_8' title='bbox 2803 653 2864 716; x_wconf 91' lang='lat' dir='ltr'>p.</span> <span class='ocrx_word' id='word_1_9' title='bbox 2899 633 3044 711; x_wconf 76' lang='lat'>125]</span> <span class='ocrx_word' id='word_1_10' title='bbox 3093 630 3169 695; x_wconf 83' lang='lat' dir='ltr'>id</span> 
     </span>
     <span class='ocr_line' id='line_1_4' title="bbox 707 737 3165 825; baseline -0.001 -20"><span class='ocrx_word' id='word_1_11' title='bbox 707 748 1080 825; x_wconf 86' lang='lat' dir='ltr'>praetorum</span> <span class='ocrx_word' id='word_1_12' title='bbox 1125 741 1227 806; x_wconf 89' lang='lat' dir='ltr'>ius</span> <span class='ocrx_word' id='word_1_13' title='bbox 1276 747 1541 806; x_wconf 85' lang='lat' dir='ltr'>senatus</span> <span class='ocrx_word' id='word_1_14' title='bbox 1587 740 1940 825; x_wconf 81' lang='lat' dir='ltr'>populique</span> <span class='ocrx_word' id='word_1_15' title='bbox 1987 737 2389 805; x_wconf 87' lang='lat' dir='ltr'>convocandi</span> <span class='ocrx_word' id='word_1_16' title='bbox 2433 737 2865 823; x_wconf 77' lang='lat' dir='ltr'>perpetuitate</span> <span class='ocrx_word' id='word_1_17' title='bbox 2896 743 2962 803; x_wconf 89' lang='lat' dir='ltr'>et</span> <span class='ocrx_word' id='word_1_18' title='bbox 3000 738 3165 803; x_wconf 86' lang='lat' dir='ltr'>assi-</span> 
     </span>
     <span class='ocr_line' id='line_1_5' title="bbox 714 843 3169 931; baseline -0.001 -19"><span class='ocrx_word' id='word_1_19' title='bbox 714 847 1026 931; x_wconf 86' lang='lat' dir='ltr'>duitate1)</span> <span class='ocrx_word' id='word_1_20' title='bbox 1072 847 1283 913; x_wconf 89' lang='lat' dir='ltr'>habiti</span> <span class='ocrx_word' id='word_1_21' title='bbox 1331 853 1597 914; x_wconf 89' lang='lat' dir='ltr'>senatus</span> <span class='ocrx_word' id='word_1_22' title='bbox 1644 847 1896 913; x_wconf 89' lang='lat' dir='ltr'>irritum</span> <span class='ocrx_word' id='word_1_23' title='bbox 1942 847 2183 912; x_wconf 88' lang='lat' dir='ltr'>factum</span> <span class='ocrx_word' id='word_1_24' title='bbox 2242 865 2389 912; x_wconf 90' lang='lat' dir='ltr'>esse</span> <span class='ocrx_word' id='word_1_25' title='bbox 2448 844 2629 911; x_wconf 86' lang='lat' dir='ltr'>dixit.</span> <span class='ocrx_word' id='word_1_26' title='bbox 2721 843 2850 911; x_wconf 86' lang='lat' dir='ltr'>Sed</span> <span class='ocrx_word' id='word_1_27' title='bbox 2907 845 3169 911; x_wconf 82' lang='lat' dir='ltr'>etiamsi</span> 
     </span>
     <span class='ocr_line' id='line_1_6' title="bbox 712 953 3171 1040; baseline -0.002 -20"><span class='ocrx_word' id='word_1_28' title='bbox 712 954 880 1021; x_wconf 88' lang='lat' dir='ltr'>alias</span> <span class='ocrx_word' id='word_1_29' title='bbox 928 955 1242 1039; x_wconf 79' lang='lat' dir='ltr'>quoque2)</span> <span class='ocrx_word' id='word_1_30' title='bbox 1272 954 1437 1040; x_wconf 89' lang='lat' dir='ltr'>ipsis</span> <span class='ocrx_word' id='word_1_31' title='bbox 1486 954 1895 1040; x_wconf 88' lang='lat' dir='ltr'>praetoribus</span> <span class='ocrx_word' id='word_1_32' title='bbox 1942 953 2238 1020; x_wconf 77' lang='lat' dir='ltr'>licuisset</span> <span class='ocrx_word' id='word_1_33' title='bbox 2283 953 2643 1018; x_wconf 88' lang='lat' dir='ltr'>contionem</span> <span class='ocrx_word' id='word_1_34' title='bbox 2695 972 3053 1017; x_wconf 83' lang='lat' dir='ltr'>convocare</span> <span class='ocrx_word' id='word_1_35' title='bbox 3102 958 3171 1016; x_wconf 88' lang='lat' dir='ltr'>et</span> 
     </span>
     <span class='ocr_line' id='line_1_7' title="bbox 709 1059 3170 1148; baseline -0.001 -22"><span class='ocrx_word' id='word_1_36' title='bbox 709 1062 1085 1145; x_wconf 83' lang='lat' dir='ltr'>rogationes</span> <span class='ocrx_word' id='word_1_37' title='bbox 1131 1062 1622 1148; x_wconf 87' lang='lat' dir='ltr'>probuleumate</span> <span class='ocrx_word' id='word_1_38' title='bbox 1667 1081 1798 1126; x_wconf 92' lang='lat' dir='ltr'>non</span> <span class='ocrx_word' id='word_1_39' title='bbox 1844 1061 2194 1127; x_wconf 89' lang='lat' dir='ltr'>instructas</span> <span class='ocrx_word' id='word_1_40' title='bbox 2242 1059 2331 1125; x_wconf 88' lang='lat' dir='ltr'>ad</span> <span class='ocrx_word' id='word_1_41' title='bbox 2375 1061 2684 1145; x_wconf 90' lang='lat' dir='ltr'>populum</span> <span class='ocrx_word' id='word_1_42' title='bbox 2730 1059 2916 1137; x_wconf 83' lang='lat' dir='ltr'>ferre,</span> <span class='ocrx_word' id='word_1_43' title='bbox 2947 1067 3170 1124; x_wconf 79' lang='lat' dir='ltr'>tamen</span> 
     </span>
     <span class='ocr_line' id='line_1_8' title="bbox 710 1166 3173 1254; baseline -0.001 -22"><span class='ocrx_word' id='word_1_44' title='bbox 710 1167 780 1233; x_wconf 88' lang='lat' dir='ltr'>id</span> <span class='ocrx_word' id='word_1_45' title='bbox 826 1169 950 1234; x_wconf 92' lang='lat' dir='ltr'>huc</span> <span class='ocrx_word' id='word_1_46' title='bbox 996 1189 1123 1234; x_wconf 92' lang='lat' dir='ltr'>non</span> <span class='ocrx_word' id='word_1_47' title='bbox 1169 1169 1540 1254; x_wconf 87' lang='lat' dir='ltr'>pertineret.</span> <span class='ocrx_word' id='word_1_48' title='bbox 1634 1170 1883 1252; x_wconf 85' lang='lat' dir='ltr'>Itaque,</span> <span class='ocrx_word' id='word_1_49' title='bbox 1930 1174 2001 1234; x_wconf 90' lang='lat' dir='ltr'>ut</span> <span class='ocrx_word' id='word_1_50' title='bbox 2047 1166 2134 1232; x_wconf 89' lang='lat' dir='ltr'>ad</span> <span class='ocrx_word' id='word_1_51' title='bbox 2180 1187 2314 1232; x_wconf 89' lang='lat' dir='ltr'>rem</span> <span class='ocrx_word' id='word_1_52' title='bbox 2360 1166 2763 1252; x_wconf 83' lang='lat' dir='ltr'>propositam</span> <span class='ocrx_word' id='word_1_53' title='bbox 2819 1173 3173 1251; x_wconf 74' lang='lat' dir='ltr'>transeam,</span> 
     </span>
     <span class='ocr_line' id='line_1_9' title="bbox 711 1273 3174 1360; baseline -0.001 -20"><span class='ocrx_word' id='word_1_54' title='bbox 711 1275 780 1341; x_wconf 89' lang='lat' dir='ltr'>in</span> <span class='ocrx_word' id='word_1_55' title='bbox 824 1276 1018 1341; x_wconf 83' lang='lat' dir='ltr'>venia</span> <span class='ocrx_word' id='word_1_56' title='bbox 1076 1274 1297 1341; x_wconf 88' lang='lat' dir='ltr'>danda</span> <span class='ocrx_word' id='word_1_57' title='bbox 1353 1282 1649 1341; x_wconf 89' lang='lat' dir='ltr'>senatum</span> <span class='ocrx_word' id='word_1_58' title='bbox 1705 1296 1834 1340; x_wconf 90' lang='lat' dir='ltr'>una</span> <span class='ocrx_word' id='word_1_59' title='bbox 1893 1295 2038 1341; x_wconf 90' lang='lat' dir='ltr'>cum</span> <span class='ocrx_word' id='word_1_60' title='bbox 2098 1274 2339 1360; x_wconf 90' lang='lat' dir='ltr'>populo</span> <span class='ocrx_word' id='word_1_61' title='bbox 2407 1275 2625 1358; x_wconf 86' lang='lat' dir='ltr'>egisse</span> <span class='ocrx_word' id='word_1_62' title='bbox 2691 1273 3174 1357; x_wconf 76' lang='lat' dir='ltr'>demonstrabo,</span> 
     </span>
     <span class='ocr_line' id='line_1_10' title="bbox 711 1379 3171 1468; baseline -0.001 -22"><span class='ocrx_word' id='word_1_63' title='bbox 711 1382 806 1447; x_wconf 88' lang='lat' dir='ltr'>ita</span> <span class='ocrx_word' id='word_1_64' title='bbox 847 1381 1123 1466; x_wconf 86' lang='lat' dir='ltr'>quidem,</span> <span class='ocrx_word' id='word_1_65' title='bbox 1160 1390 1232 1447; x_wconf 92' lang='lat' dir='ltr'>ut</span> <span class='ocrx_word' id='word_1_66' title='bbox 1266 1381 1336 1446; x_wconf 90' lang='lat' dir='ltr'>id</span> <span class='ocrx_word' id='word_1_67' title='bbox 1377 1383 1443 1447; x_wconf 93' lang='lat' dir='ltr'>in</span> <span class='ocrx_word' id='word_1_68' title='bbox 1471 1390 1743 1466; x_wconf 86' lang='lat' dir='ltr'>utraque</span> <span class='ocrx_word' id='word_1_69' title='bbox 1774 1383 2160 1468; x_wconf 88' lang='lat' dir='ltr'>contionum,</span> <span class='ocrx_word' id='word_1_70' title='bbox 2173 1382 2222 1464; x_wconf 77' lang='lat'>⁸)</span> <span class='ocrx_word' id='word_1_71' title='bbox 2265 1401 2432 1465; x_wconf 90' lang='lat' dir='ltr'>quae</span> <span class='ocrx_word' id='word_1_72' title='bbox 2461 1380 2548 1447; x_wconf 88' lang='lat' dir='ltr'>ad</span> <span class='ocrx_word' id='word_1_73' title='bbox 2576 1382 2806 1447; x_wconf 89' lang='lat' dir='ltr'>veniae</span> <span class='ocrx_word' id='word_1_74' title='bbox 2836 1379 3171 1445; x_wconf 88' lang='lat' dir='ltr'>dationem</span> 
     </span>
     <span class='ocr_line' id='line_1_11' title="bbox 715 1488 2025 1575; baseline 0.002 -21"><span class='ocrx_word' id='word_1_75' title='bbox 715 1509 878 1574; x_wconf 93' lang='lat' dir='ltr'>opus</span> <span class='ocrx_word' id='word_1_76' title='bbox 927 1495 1128 1575; x_wconf 90' lang='lat' dir='ltr'>erant,</span> <span class='ocrx_word' id='word_1_77' title='bbox 1175 1510 1584 1573; x_wconf 87' lang='lat' dir='ltr'>nequaquam</span> <span class='ocrx_word' id='word_1_78' title='bbox 1631 1488 1874 1555; x_wconf 87' lang='lat' dir='ltr'>factum</span> <span class='ocrx_word' id='word_1_79' title='bbox 1922 1489 2025 1557; x_wconf 89' lang='lat' dir='ltr'>sit.</span> 
     </span>
    </p>
   </div>
   <div class='ocr_carea' id='block_1_4' title="bbox 712 1699 3181 3177">
    <p class='ocr_par' dir='ltr' id='par_1_4' title="bbox 712 1699 3179 2108">
     <span class='ocr_line' id='line_1_12' title="bbox 892 1699 3177 1786; baseline -0.001 -18"><span class='ocrx_word' id='word_1_80' title='bbox 892 1703 1034 1768; x_wconf 90' lang='lat' dir='ltr'>Iam</span> <span class='ocrx_word' id='word_1_81' title='bbox 1078 1722 1233 1768; x_wconf 88' lang='lat' dir='ltr'>vero</span> <span class='ocrx_word' id='word_1_82' title='bbox 1281 1701 1685 1786; x_wconf 86' lang='lat' dir='ltr'>indagemus,</span> <span class='ocrx_word' id='word_1_83' title='bbox 1733 1723 1903 1786; x_wconf 87' lang='lat' dir='ltr'>quae</span> <span class='ocrx_word' id='word_1_84' title='bbox 1951 1701 2313 1767; x_wconf 88' lang='lat' dir='ltr'>functiones</span> <span class='ocrx_word' id='word_1_85' title='bbox 2360 1701 2615 1767; x_wconf 89' lang='lat' dir='ltr'>senatui</span> <span class='ocrx_word' id='word_1_86' title='bbox 2674 1699 2911 1766; x_wconf 88' lang='lat' dir='ltr'>fuerint</span> <span class='ocrx_word' id='word_1_87' title='bbox 2962 1699 3030 1764; x_wconf 91' lang='lat' dir='ltr'>in</span> <span class='ocrx_word' id='word_1_88' title='bbox 3086 1699 3177 1766; x_wconf 85' lang='lat' dir='ltr'>iis</span> 
     </span>
     <span class='ocr_line' id='line_1_13' title="bbox 716 1809 3178 1895; baseline -0.002 -19"><span class='ocrx_word' id='word_1_89' title='bbox 716 1810 1025 1894; x_wconf 86' lang='lat' dir='ltr'>conciliis,</span> <span class='ocrx_word' id='word_1_90' title='bbox 1063 1810 1129 1874; x_wconf 91' lang='lat' dir='ltr'>in</span> <span class='ocrx_word' id='word_1_91' title='bbox 1178 1809 1408 1893; x_wconf 91' lang='lat' dir='ltr'>quibus</span> <span class='ocrx_word' id='word_1_92' title='bbox 1459 1809 1919 1894; x_wconf 90' lang='lat' dir='ltr'>populiscitum</span> <span class='ocrx_word' id='word_1_93' title='bbox 1963 1809 2215 1895; x_wconf 88' lang='lat' dir='ltr'>privum</span> <span class='ocrx_word' id='word_1_94' title='bbox 2263 1809 2472 1882; x_wconf 80' lang='grc' dir='ltr'>ἀδείας</span> <span class='ocrx_word' id='word_1_95' title='bbox 2518 1809 2875 1892; x_wconf 87' lang='lat' dir='ltr'>irrogatum</span> <span class='ocrx_word' id='word_1_96' title='bbox 2923 1813 3052 1888; x_wconf 89' lang='lat' dir='ltr'>est;</span> <span class='ocrx_word' id='word_1_97' title='bbox 3091 1827 3178 1872; x_wconf 87' lang='lat' dir='ltr'>ac</span> 
     </span>
     <span class='ocr_line' id='line_1_14' title="bbox 712 1916 3179 2002; baseline -0.001 -22"><span class='ocrx_word' id='word_1_98' title='bbox 712 1916 986 2002; x_wconf 91' lang='lat' dir='ltr'>primum</span> <span class='ocrx_word' id='word_1_99' title='bbox 1033 1916 1294 2001; x_wconf 89' lang='lat' dir='ltr'>quidem</span> <span class='ocrx_word' id='word_1_100' title='bbox 1350 1916 1418 1981; x_wconf 95' lang='lat' dir='ltr'>in</span> <span class='ocrx_word' id='word_1_101' title='bbox 1474 1936 1555 1981; x_wconf 92' lang='lat' dir='ltr'>ea</span> <span class='ocrx_word' id='word_1_102' title='bbox 1620 1917 1934 2002; x_wconf 88' lang='lat' dir='ltr'>contione,</span> <span class='ocrx_word' id='word_1_103' title='bbox 1998 1917 2068 1981; x_wconf 89' lang='lat' dir='ltr'>in</span> <span class='ocrx_word' id='word_1_104' title='bbox 2132 1936 2261 2000; x_wconf 89' lang='lat' dir='ltr'>qua</span> <span class='ocrx_word' id='word_1_105' title='bbox 2316 1916 2460 1999; x_wconf 90' lang='lat' dir='ltr'>quis</span> <span class='ocrx_word' id='word_1_106' title='bbox 2509 1917 2784 2001; x_wconf 87' lang='lat' dir='ltr'>supplex</span> <span class='ocrx_word' id='word_1_107' title='bbox 2842 1921 3050 1998; x_wconf 89' lang='lat' dir='ltr'>rogat,</span> <span class='ocrx_word' id='word_1_108' title='bbox 3098 1920 3179 1978; x_wconf 88' lang='lat' dir='ltr'>ut</span> 
     </span>
     <span class='ocr_line' id='line_1_15' title="bbox 715 2022 3010 2108; baseline -0.001 -19"><span class='ocrx_word' id='word_1_109' title='bbox 715 2023 841 2089; x_wconf 89' lang='lat' dir='ltr'>sibi</span> <span class='ocrx_word' id='word_1_110' title='bbox 887 2023 1084 2089; x_wconf 89' lang='lat' dir='ltr'>liceat</span> <span class='ocrx_word' id='word_1_111' title='bbox 1128 2023 1195 2087; x_wconf 90' lang='lat' dir='ltr'>in</span> <span class='ocrx_word' id='word_1_112' title='bbox 1243 2022 1773 2090; x_wconf 86' lang='lat' dir='ltr'>extraordinariis</span> <span class='ocrx_word' id='word_1_113' title='bbox 1823 2023 2097 2089; x_wconf 89' lang='lat' dir='ltr'>comitiis</span> <span class='ocrx_word' id='word_1_114' title='bbox 2144 2023 2349 2089; x_wconf 83' lang='grc' dir='ltr'>ἄδειαν</span> <span class='ocrx_word' id='word_1_115' title='bbox 2396 2043 2437 2087; x_wconf 98' lang='lat' dir='ltr'>a</span> <span class='ocrx_word' id='word_1_116' title='bbox 2481 2022 2722 2108; x_wconf 91' lang='lat' dir='ltr'>populo</span> <span class='ocrx_word' id='word_1_117' title='bbox 2767 2028 3010 2108; x_wconf 87' lang='lat' dir='ltr'>petere.</span> 
     </span>
    </p>

    <p class='ocr_par' dir='ltr' id='par_1_5' title="bbox 713 2128 3181 3177">
     <span class='ocr_line' id='line_1_16' title="bbox 891 2128 3171 2213; baseline -0.001 -18"><span class='ocrx_word' id='word_1_118' title='bbox 891 2130 1075 2196; x_wconf 87' lang='lat' dir='ltr'>Haec</span> <span class='ocrx_word' id='word_1_119' title='bbox 1123 2130 1334 2195; x_wconf 91' lang='lat' dir='ltr'>contio</span> <span class='ocrx_word' id='word_1_120' title='bbox 1384 2131 1440 2197; x_wconf 92' lang='lat' dir='ltr'>si</span> <span class='ocrx_word' id='word_1_121' title='bbox 1486 2150 1614 2195; x_wconf 91' lang='lat' dir='ltr'>non</span> <span class='ocrx_word' id='word_1_122' title='bbox 1662 2129 1966 2209; x_wconf 88' lang='lat' dir='ltr'>secunda,</span> <span class='ocrx_word' id='word_1_123' title='bbox 2008 2137 2080 2195; x_wconf 89' lang='lat' dir='ltr'>ut</span> <span class='ocrx_word' id='word_1_124' title='bbox 2116 2130 2350 2196; x_wconf 91' lang='lat' dir='ltr'>Pollux</span> <span class='ocrx_word' id='word_1_125' title='bbox 2394 2128 2611 2213; x_wconf 84' lang='lat' dir='ltr'>tradit,</span> <span class='ocrx_word' id='word_1_126' title='bbox 2651 2135 2868 2194; x_wconf 90' lang='lat' dir='ltr'>tamen</span> <span class='ocrx_word' id='word_1_127' title='bbox 2915 2128 3171 2193; x_wconf 88' lang='lat' dir='ltr'>ordina-</span> 
     </span>
     <span class='ocr_line' id='line_1_17' title="bbox 713 2236 3173 2322; baseline -0.001 -20"><span class='ocrx_word' id='word_1_128' title='bbox 713 2238 956 2302; x_wconf 87' lang='lat' dir='ltr'>riarum</span> <span class='ocrx_word' id='word_1_129' title='bbox 1001 2237 1222 2320; x_wconf 87' lang='lat' dir='ltr'>aliqua</span> <span class='ocrx_word' id='word_1_130' title='bbox 1279 2243 1396 2321; x_wconf 89' lang='lat' dir='ltr'>est,</span> <span class='ocrx_word' id='word_1_131' title='bbox 1455 2236 1558 2302; x_wconf 90' lang='lat' dir='ltr'>cui</span> <span class='ocrx_word' id='word_1_132' title='bbox 1612 2257 1735 2322; x_wconf 89' lang='lat' dir='ltr'>res,</span> <span class='ocrx_word' id='word_1_133' title='bbox 1795 2236 1876 2302; x_wconf 91' lang='lat' dir='ltr'>de</span> <span class='ocrx_word' id='word_1_134' title='bbox 1935 2237 2166 2321; x_wconf 90' lang='lat' dir='ltr'>quibus</span> <span class='ocrx_word' id='word_1_135' title='bbox 2228 2236 2553 2320; x_wconf 89' lang='lat' dir='ltr'>agendum</span> <span class='ocrx_word' id='word_1_136' title='bbox 2610 2244 2725 2320; x_wconf 86' lang='lat' dir='ltr'>est,</span> <span class='ocrx_word' id='word_1_137' title='bbox 2782 2238 2929 2320; x_wconf 92' lang='lat' dir='ltr'>lege</span> <span class='ocrx_word' id='word_1_138' title='bbox 2983 2255 3173 2321; x_wconf 89' lang='lat' dir='ltr'>prae·</span> 
     </span>
     <span class='ocr_line' id='line_1_18' title="bbox 713 2342 3175 2428; baseline -0 -20"><span class='ocrx_word' id='word_1_139' title='bbox 713 2343 936 2409; x_wconf 87' lang='lat' dir='ltr'>finitae</span> <span class='ocrx_word' id='word_1_140' title='bbox 985 2351 1150 2410; x_wconf 86' lang='lat' dir='ltr'>sunt.</span> <span class='ocrx_word' id='word_1_141' title='bbox 1240 2344 1316 2407; x_wconf 93' lang='lat' dir='ltr'>In</span> <span class='ocrx_word' id='word_1_142' title='bbox 1364 2364 1494 2426; x_wconf 89' lang='lat' dir='ltr'>qua</span> <span class='ocrx_word' id='word_1_143' title='bbox 1543 2343 1842 2409; x_wconf 89' lang='lat' dir='ltr'>contione</span> <span class='ocrx_word' id='word_1_144' title='bbox 1890 2344 2144 2410; x_wconf 88' lang='lat' dir='ltr'>senatui</span> <span class='ocrx_word' id='word_1_145' title='bbox 2189 2344 2562 2426; x_wconf 89' lang='lat' dir='ltr'>rogationes</span> <span class='ocrx_word' id='word_1_146' title='bbox 2601 2342 2689 2408; x_wconf 89' lang='lat' dir='ltr'>ad</span> <span class='ocrx_word' id='word_1_147' title='bbox 2727 2344 3037 2428; x_wconf 92' lang='lat' dir='ltr'>populum</span> <span class='ocrx_word' id='word_1_148' title='bbox 3081 2343 3175 2407; x_wconf 89' lang='lat' dir='ltr'>fe-</span> 
     </span>
     <span class='ocr_line' id='line_1_19' title="bbox 714 2449 3179 2536; baseline -0.001 -20"><span class='ocrx_word' id='word_1_149' title='bbox 714 2450 955 2517; x_wconf 90' lang='lat' dir='ltr'>rendas</span> <span class='ocrx_word' id='word_1_150' title='bbox 1004 2470 1259 2536; x_wconf 89' lang='lat' dir='ltr'>semper</span> <span class='ocrx_word' id='word_1_151' title='bbox 1303 2450 1819 2535; x_wconf 88' lang='lat' dir='ltr'>probuleumatis</span> <span class='ocrx_word' id='word_1_152' title='bbox 1858 2450 2323 2536; x_wconf 87' lang='lat' dir='ltr'>comprobandi</span> <span class='ocrx_word' id='word_1_153' title='bbox 2367 2456 2759 2535; x_wconf 87' lang='lat' dir='ltr'>potestatem</span> <span class='ocrx_word' id='word_1_154' title='bbox 2806 2449 3010 2516; x_wconf 85' lang='lat' dir='ltr'>fuisse</span> <span class='ocrx_word' id='word_1_155' title='bbox 3053 2470 3179 2534; x_wconf 86' lang='lat' dir='ltr'>per</span> 
     </span>
     <span class='ocr_line' id='line_1_20' title="bbox 715 2556 3174 2642; baseline -0.001 -19"><span class='ocrx_word' id='word_1_156' title='bbox 715 2577 790 2623; x_wconf 90' lang='lat' dir='ltr'>se</span> <span class='ocrx_word' id='word_1_157' title='bbox 848 2558 1063 2642; x_wconf 91' lang='lat' dir='ltr'>ipsum</span> <span class='ocrx_word' id='word_1_158' title='bbox 1130 2556 1535 2640; x_wconf 89' lang='lat' dir='ltr'>intellegitur</span> <span class='ocrx_word' id='word_1_159' title='bbox 1599 2564 1664 2622; x_wconf 90' lang='lat' dir='ltr'>et</span> <span class='ocrx_word' id='word_1_160' title='bbox 1727 2578 1845 2642; x_wconf 91' lang='lat' dir='ltr'>pro</span> <span class='ocrx_word' id='word_1_161' title='bbox 1913 2566 2087 2622; x_wconf 88' lang='lat' dir='ltr'>certo</span> <span class='ocrx_word' id='word_1_162' title='bbox 2155 2556 2523 2622; x_wconf 89' lang='lat' dir='ltr'>habendum</span> <span class='ocrx_word' id='word_1_163' title='bbox 2586 2557 2841 2642; x_wconf 84' lang='lat' dir='ltr'>opinor,</span> <span class='ocrx_word' id='word_1_164' title='bbox 2914 2556 3174 2622; x_wconf 88' lang='lat' dir='ltr'>etiamsi</span> 
     </span>
     <span class='ocr_line' id='line_1_21' title="bbox 715 2662 3176 2751; baseline -0 -22"><span class='ocrx_word' id='word_1_165' title='bbox 715 2664 976 2751; x_wconf 89' lang='lat' dir='ltr'>plurimi</span> <span class='ocrx_word' id='word_1_166' title='bbox 1048 2662 1340 2730; x_wconf 88' lang='lat' dir='ltr'>interfuit</span> <span class='ocrx_word' id='word_1_167' title='bbox 1413 2673 1728 2749; x_wconf 85' lang='lat' dir='ltr'>prytanes</span> <span class='ocrx_word' id='word_1_168' title='bbox 1794 2672 2274 2750; x_wconf 87' lang='lat' dir='ltr'>programmate</span> <span class='ocrx_word' id='word_1_169' title='bbox 2336 2664 2744 2749; x_wconf 90' lang='lat' dir='ltr'>promulgato</span> <span class='ocrx_word' id='word_1_170' title='bbox 2811 2665 3176 2729; x_wconf 89' lang='lat' dir='ltr'>contionem</span> 
     </span>
     <span class='ocr_line' id='line_1_22' title="bbox 719 2768 3177 2856; baseline -0.001 -18"><span class='ocrx_word' id='word_1_171' title='bbox 719 2791 1098 2856; x_wconf 88' lang='lat' dir='ltr'>convocare,</span> <span class='ocrx_word' id='word_1_172' title='bbox 1144 2778 1343 2854; x_wconf 91' lang='lat' dir='ltr'>utque</span> <span class='ocrx_word' id='word_1_173' title='bbox 1389 2768 1601 2837; x_wconf 84' lang='lat' dir='ltr'>rerum</span> <span class='ocrx_word' id='word_1_174' title='bbox 1649 2771 2039 2856; x_wconf 82' lang='lat' dir='ltr'>disceptatio</span> <span class='ocrx_word' id='word_1_175' title='bbox 2089 2779 2154 2836; x_wconf 92' lang='lat' dir='ltr'>et</span> <span class='ocrx_word' id='word_1_176' title='bbox 2202 2770 2583 2836; x_wconf 88' lang='lat' dir='ltr'>deliberatio</span> <span class='ocrx_word' id='word_1_177' title='bbox 2630 2771 2832 2856; x_wconf 90' lang='lat' dir='ltr'>fieret,</span> <span class='ocrx_word' id='word_1_178' title='bbox 2866 2771 3177 2849; x_wconf 74' lang='lat' dir='ltr'>curare.4)</span> 
     </span>
     <span class='ocr_line' id='line_1_23' title="bbox 718 2876 3176 2963; baseline -0.001 -20"><span class='ocrx_word' id='word_1_179' title='bbox 718 2881 967 2944; x_wconf 86' lang='lat' dir='ltr'>Tamen</span> <span class='ocrx_word' id='word_1_180' title='bbox 1038 2879 1418 2963; x_wconf 90' lang='lat' dir='ltr'>plerumque</span> <span class='ocrx_word' id='word_1_181' title='bbox 1496 2886 1560 2944; x_wconf 88' lang='lat' dir='ltr'>et</span> <span class='ocrx_word' id='word_1_182' title='bbox 1632 2879 1872 2944; x_wconf 90' lang='lat' dir='ltr'>iustum</span> <span class='ocrx_word' id='word_1_183' title='bbox 1940 2885 2206 2944; x_wconf 88' lang='lat' dir='ltr'>senatus</span> <span class='ocrx_word' id='word_1_184' title='bbox 2270 2879 2694 2963; x_wconf 89' lang='lat' dir='ltr'>probuleuma</span> <span class='ocrx_word' id='word_1_185' title='bbox 2760 2876 3176 2944; x_wconf 87' lang='lat' dir='ltr'>statuendum</span> 
     </span>
     <span class='ocr_line' id='line_1_24' title="bbox 716 2985 3179 3071; baseline -0.001 -21"><span class='ocrx_word' id='word_1_186' title='bbox 716 2991 873 3071; x_wconf 90' lang='lat' dir='ltr'>puto</span> <span class='ocrx_word' id='word_1_187' title='bbox 923 2991 1004 3070; x_wconf 91' lang='lat' dir='ltr'>et,</span> <span class='ocrx_word' id='word_1_188' title='bbox 1051 2990 1122 3050; x_wconf 90' lang='lat' dir='ltr'>ut</span> <span class='ocrx_word' id='word_1_189' title='bbox 1170 2986 1464 3070; x_wconf 89' lang='lat' dir='ltr'>supplex,</span> <span class='ocrx_word' id='word_1_190' title='bbox 1526 2992 1873 3068; x_wconf 89' lang='lat' dir='ltr'>antequam</span> <span class='ocrx_word' id='word_1_191' title='bbox 1930 2985 1996 3049; x_wconf 90' lang='lat' dir='ltr'>in</span> <span class='ocrx_word' id='word_1_192' title='bbox 2063 2985 2340 3051; x_wconf 91' lang='lat' dir='ltr'>comitiis</span> <span class='ocrx_word' id='word_1_193' title='bbox 2387 2986 2586 3051; x_wconf 88' lang='lat' dir='ltr'>verba</span> <span class='ocrx_word' id='word_1_194' title='bbox 2633 2986 2893 3070; x_wconf 84' lang='lat' dir='ltr'>faceret,</span> <span class='ocrx_word' id='word_1_195' title='bbox 2949 2985 3179 3068; x_wconf 89' lang='lat' dir='ltr'>utique</span> 
     </span>
     <span class='ocr_line' id='line_1_25' title="bbox 720 3089 3181 3177; baseline -0.002 -18"><span class='ocrx_word' id='word_1_196' title='bbox 720 3098 1016 3159; x_wconf 86' lang='lat' dir='ltr'>senatum</span> <span class='ocrx_word' id='word_1_197' title='bbox 1063 3091 1289 3176; x_wconf 87' lang='lat' dir='ltr'>adiret,</span> <span class='ocrx_word' id='word_1_198' title='bbox 1302 3089 1354 3177; x_wconf 87' lang='lat'>⁵)</span> <span class='ocrx_word' id='word_1_199' title='bbox 1402 3092 1758 3175; x_wconf 93' lang='lat' dir='ltr'>legitimum</span> <span class='ocrx_word' id='word_1_200' title='bbox 1806 3091 2026 3157; x_wconf 90' lang='lat' dir='ltr'>fuisse.</span> <span class='ocrx_word' id='word_1_201' title='bbox 2119 3092 2361 3157; x_wconf 83' lang='lat' dir='ltr'>Similis</span> <span class='ocrx_word' id='word_1_202' title='bbox 2410 3097 2511 3158; x_wconf 90' lang='lat' dir='ltr'>est</span> <span class='ocrx_word' id='word_1_203' title='bbox 2557 3089 2933 3175; x_wconf 77' lang='grc' dir='ltr'>εἰσαγγελίας</span> <span class='ocrx_word' id='word_1_204' title='bbox 2986 3091 3181 3175; x_wconf 89' lang='lat' dir='ltr'>ratio,</span> 
     </span>
    </p>
   </div>
   <div class='ocr_carea' id='block_1_5' title="bbox 715 3237 1144 3244">
    <p class='ocr_par' dir='ltr' id='par_1_6' title="bbox 715 3237 1144 3244">
     <span class='ocr_line' id='line_1_26' title="bbox 715 3237 1144 3244; baseline 0 0"><span class='ocrx_word' id='word_1_205' title='bbox 715 3237 1144 3244; x_wconf 95' lang='lat' dir='ltr'> </span> 
     </span>
    </p>
   </div>
   <div class='ocr_carea' id='block_1_6' title="bbox 710 3303 3198 4890">
    <p class='ocr_par' dir='ltr' id='par_1_7' title="bbox 904 3303 3092 3374">
     <span class='ocr_line' id='line_1_27' title="bbox 904 3303 3092 3374; baseline -0.001 -14"><span class='ocrx_word' id='word_1_206' title='bbox 904 3304 945 3371; x_wconf 90' lang='lat'>¹)</span> <span class='ocrx_word' id='word_1_207' title='bbox 982 3307 1061 3360; x_wconf 90' lang='lat' dir='ltr'>Ut</span> <span class='ocrx_word' id='word_1_208' title='bbox 1099 3306 1181 3359; x_wconf 87' lang='lat' dir='ltr'>ait</span> <span class='ocrx_word' id='word_1_209' title='bbox 1217 3305 1789 3360; x_wconf 86' lang='lat' dir='ltr'>Hauvette·Besnault</span> <span class='ocrx_word' id='word_1_210' title='bbox 1826 3306 1862 3359; x_wconf 91' lang='grc'>1.</span> <span class='ocrx_word' id='word_1_211' title='bbox 1902 3306 1968 3359; x_wconf 89' lang='lat'>1.:</span> <span class='ocrx_word' id='word_1_212' title='bbox 2013 3303 2169 3374; x_wconf 78' lang='lat' dir='ltr'>»(par</span> <span class='ocrx_word' id='word_1_213' title='bbox 2205 3304 2288 3372; x_wconf 89' lang='lat' dir='ltr'>la)</span> <span class='ocrx_word' id='word_1_214' title='bbox 2326 3322 2688 3374; x_wconf 88' lang='lat' dir='ltr'>permanence</span> <span class='ocrx_word' id='word_1_215' title='bbox 2724 3306 2799 3359; x_wconf 90' lang='lat' dir='ltr'>du</span> <span class='ocrx_word' id='word_1_216' title='bbox 2836 3305 3092 3360; x_wconf 76' lang='lat' dir='ltr'>conseil«.</span> 
     </span>
    </p>

    <p class='ocr_par' dir='ltr' id='par_1_8' title="bbox 902 3392 2647 3463">
     <span class='ocr_line' id='line_1_28' title="bbox 902 3392 2647 3463; baseline 0.001 -16"><span class='ocrx_word' id='word_1_217' title='bbox 902 3392 945 3460; x_wconf 78' lang='lat'>²)</span> <span class='ocrx_word' id='word_1_218' title='bbox 983 3395 1042 3448; x_wconf 91' lang='lat' dir='ltr'>id</span> <span class='ocrx_word' id='word_1_219' title='bbox 1078 3395 1226 3463; x_wconf 89' lang='lat' dir='ltr'>quod</span> <span class='ocrx_word' id='word_1_220' title='bbox 1262 3394 1833 3449; x_wconf 84' lang='lat' dir='ltr'>Hauvette-Besnault</span> <span class='ocrx_word' id='word_1_221' title='bbox 1868 3413 1922 3463; x_wconf 89' lang='lat' dir='ltr'>p.</span> <span class='ocrx_word' id='word_1_222' title='bbox 1967 3394 2066 3449; x_wconf 86' lang='lat'>125</span> <span class='ocrx_word' id='word_1_223' title='bbox 2103 3394 2163 3451; x_wconf 86' lang='lat' dir='ltr'>in</span> <span class='ocrx_word' id='word_1_224' title='bbox 2200 3394 2431 3449; x_wconf 90' lang='lat' dir='ltr'>dubium</span> <span class='ocrx_word' id='word_1_225' title='bbox 2467 3398 2647 3450; x_wconf 85' lang='lat' dir='ltr'>vocat.</span> 
     </span>
    </p>

    <p class='ocr_par' dir='ltr' id='par_1_9' title="bbox 906 3482 1737 3552">
     <span class='ocr_line' id='line_1_29' title="bbox 906 3482 1737 3552; baseline 0.005 -15"><span class='ocrx_word' id='word_1_226' title='bbox 906 3482 949 3549; x_wconf 78' lang='grc'>3)</span> <span class='ocrx_word' id='word_1_227' title='bbox 986 3502 1038 3537; x_wconf 89' lang='lat' dir='ltr'>v.</span> <span class='ocrx_word' id='word_1_228' title='bbox 1079 3501 1245 3552; x_wconf 86' lang='lat' dir='ltr'>supra</span> <span class='ocrx_word' id='word_1_229' title='bbox 1281 3501 1399 3552; x_wconf 90' lang='lat' dir='ltr'>cap.</span> <span class='ocrx_word' id='word_1_230' title='bbox 1437 3484 1509 3539; x_wconf 91' lang='grc' dir='ltr'>ΙΙ.</span> <span class='ocrx_word' id='word_1_231' title='bbox 1734 3539 1737 3541; x_wconf 11' lang='grc' dir='ltr'><strong>Α</strong></span> 
     </span>
    </p>

    <p class='ocr_par' dir='ltr' id='par_1_10' title="bbox 718 3571 3185 4089">
     <span class='ocr_line' id='line_1_30' title="bbox 901 3571 3179 3641; baseline -0.001 -14"><span class='ocrx_word' id='word_1_232' title='bbox 901 3573 944 3638; x_wconf 74' lang='lat'>4)</span> <span class='ocrx_word' id='word_1_233' title='bbox 982 3572 1349 3627; x_wconf 87' lang='lat' dir='ltr'>Schoemann:</span> <span class='ocrx_word' id='word_1_234' title='bbox 1411 3571 1704 3640; x_wconf 65' lang='lat' dir='ltr'>»Antiqus</span> <span class='ocrx_word' id='word_1_235' title='bbox 1755 3591 1807 3641; x_wconf 92' lang='lat' dir='ltr'>p.</span> <span class='ocrx_word' id='word_1_236' title='bbox 1867 3573 1970 3626; x_wconf 90' lang='grc'>222</span> <span class='ocrx_word' id='word_1_237' title='bbox 2009 3573 2134 3627; x_wconf 89' lang='lat' dir='ltr'>adn.</span> <span class='ocrx_word' id='word_1_238' title='bbox 2175 3575 2204 3627; x_wconf 79' lang='lat'>7</span> <span class='ocrx_word' id='word_1_239' title='bbox 2243 3573 2459 3627; x_wconf 87' lang='lat' dir='ltr'>nullam</span> <span class='ocrx_word' id='word_1_240' title='bbox 2504 3575 2728 3627; x_wconf 88' lang='lat' dir='ltr'>senatus</span> <span class='ocrx_word' id='word_1_241' title='bbox 2784 3572 3179 3627; x_wconf 87' lang='lat' dir='ltr'>auctoritatem</span> 
     </span>
     <span class='ocr_line' id='line_1_31' title="bbox 718 3660 3183 3732; baseline 0 -16"><span class='ocrx_word' id='word_1_242' title='bbox 718 3662 1082 3732; x_wconf 81' lang='lat' dir='ltr'>perscriptam</span> <span class='ocrx_word' id='word_1_243' title='bbox 1136 3678 1251 3715; x_wconf 90' lang='lat' dir='ltr'>esse</span> <span class='ocrx_word' id='word_1_244' title='bbox 1295 3663 1479 3730; x_wconf 88' lang='lat' dir='ltr'>putat,</span> <span class='ocrx_word' id='word_1_245' title='bbox 1532 3660 1611 3714; x_wconf 75' lang='lat' dir='ltr'>»si</span> <span class='ocrx_word' id='word_1_246' title='bbox 1667 3663 2055 3716; x_wconf 88' lang='lat' dir='ltr'>tantummodo</span> <span class='ocrx_word' id='word_1_247' title='bbox 2108 3662 2170 3716; x_wconf 94' lang='lat' dir='ltr'>in</span> <span class='ocrx_word' id='word_1_248' title='bbox 2223 3662 2541 3718; x_wconf 86' lang='lat' dir='ltr'>universum</span> <span class='ocrx_word' id='word_1_249' title='bbox 2598 3663 2842 3717; x_wconf 89' lang='lat' dir='ltr'>edictum</span> <span class='ocrx_word' id='word_1_250' title='bbox 2896 3665 3052 3726; x_wconf 88' lang='lat' dir='ltr'>esset,</span> <span class='ocrx_word' id='word_1_251' title='bbox 3109 3662 3183 3716; x_wconf 87' lang='lat' dir='ltr'>de</span> 
     </span>
     <span class='ocr_line' id='line_1_32' title="bbox 721 3748 3177 3826; baseline -0 -20"><span class='ocrx_word' id='word_1_252' title='bbox 721 3752 920 3820; x_wconf 90' lang='lat' dir='ltr'>quibus</span> <span class='ocrx_word' id='word_1_253' title='bbox 957 3751 1118 3806; x_wconf 88' lang='lat' dir='ltr'>rebus</span> <span class='ocrx_word' id='word_1_254' title='bbox 1156 3768 1282 3805; x_wconf 91' lang='lat' dir='ltr'>cum</span> <span class='ocrx_word' id='word_1_255' title='bbox 1317 3751 1519 3826; x_wconf 77' lang='lat' dir='ltr'>populo</span> <span class='ocrx_word' id='word_1_256' title='bbox 1558 3750 1653 3819; x_wconf 88' lang='lat' dir='ltr'>agi</span> <span class='ocrx_word' id='word_1_257' title='bbox 1700 3750 1908 3815; x_wconf 91' lang='lat' dir='ltr'>liceret,</span> <span class='ocrx_word' id='word_1_258' title='bbox 1955 3767 1999 3804; x_wconf 92' lang='lat' dir='ltr'>e.</span> <span class='ocrx_word' id='word_1_259' title='bbox 2048 3769 2091 3806; x_wconf 91' lang='lat' dir='ltr'>c.</span> <span class='ocrx_word' id='word_1_260' title='bbox 2139 3753 2200 3804; x_wconf 89' lang='lat' dir='ltr'>in</span> <span class='ocrx_word' id='word_1_261' title='bbox 2244 3751 2679 3820; x_wconf 83' lang='lat' dir='ltr'>magistratuum</span> <span class='ocrx_word' id='word_1_262' title='bbox 2724 3748 3177 3821; x_wconf 64' lang='grc' dir='ltr'><strong>ἓπιχειροτονίαιςα.</strong></span> 
     </span>
     <span class='ocr_line' id='line_1_33' title="bbox 720 3839 3179 3909; baseline -0 -14"><span class='ocrx_word' id='word_1_263' title='bbox 720 3841 799 3896; x_wconf 81' lang='lat' dir='ltr'>Of.</span> <span class='ocrx_word' id='word_1_264' title='bbox 838 3841 1011 3895; x_wconf 87' lang='lat' dir='ltr'>etiam</span> <span class='ocrx_word' id='word_1_265' title='bbox 1052 3839 1250 3909; x_wconf 90' lang='lat' dir='ltr'>[Dem.]</span> <span class='ocrx_word' id='word_1_266' title='bbox 1291 3839 1446 3894; x_wconf 92' lang='lat' dir='ltr'>XXV</span> <span class='ocrx_word' id='word_1_267' title='bbox 1467 3840 1515 3893; x_wconf 86' lang='lat'>9.</span> <span class='ocrx_word' id='word_1_268' title='bbox 1557 3871 1622 3880; x_wconf 90' lang='lat'><strong>—</strong></span> <span class='ocrx_word' id='word_1_269' title='bbox 1673 3839 2070 3894; x_wconf 88' lang='lat' dir='ltr'>Posterioribus</span> <span class='ocrx_word' id='word_1_270' title='bbox 2119 3841 2458 3909; x_wconf 88' lang='lat' dir='ltr'>temporibus</span> <span class='ocrx_word' id='word_1_271' title='bbox 2505 3858 2573 3895; x_wconf 93' lang='lat' dir='ltr'>ex</span> <span class='ocrx_word' id='word_1_272' title='bbox 2617 3840 2788 3895; x_wconf 88' lang='lat' dir='ltr'>titulo</span> <span class='ocrx_word' id='word_1_273' title='bbox 2825 3841 3031 3905; x_wconf 88' lang='lat' dir='ltr'>Attico,</span> <span class='ocrx_word' id='word_1_274' title='bbox 3079 3839 3179 3908; x_wconf 86' lang='lat' dir='ltr'>qui</span> 
     </span>
     <span class='ocr_line' id='line_1_34' title="bbox 720 3927 3185 3998; baseline 0 -14"><span class='ocrx_word' id='word_1_275' title='bbox 720 3932 877 3985; x_wconf 84' lang='lat' dir='ltr'>extat</span> <span class='ocrx_word' id='word_1_276' title='bbox 914 3929 975 3983; x_wconf 91' lang='lat' dir='ltr'>in</span> <span class='ocrx_word' id='word_1_277' title='bbox 1011 3929 1152 3984; x_wconf 81' lang='lat' dir='ltr'><strong>OJA.</strong></span> <span class='ocrx_word' id='word_1_278' title='bbox 1194 3930 1248 3983; x_wconf 89' lang='lat' dir='ltr'>H</span> <span class='ocrx_word' id='word_1_279' title='bbox 1266 3930 1388 3994; x_wconf 84' lang='lat'>472,</span> <span class='ocrx_word' id='word_1_280' title='bbox 1429 3931 1694 3998; x_wconf 81' lang='lat' dir='ltr'>prytanes</span> <span class='ocrx_word' id='word_1_281' title='bbox 1732 3927 1831 3996; x_wconf 86' lang='lat' dir='ltr'>(vs.</span> <span class='ocrx_word' id='word_1_282' title='bbox 1877 3930 1940 3982; x_wconf 82' lang='grc'>12</span> <span class='ocrx_word' id='word_1_283' title='bbox 1978 3931 2080 3997; x_wconf 87' lang='lat' dir='ltr'>sq.)</span> <span class='ocrx_word' id='word_1_284' title='bbox 2120 3947 2245 3984; x_wconf 89' lang='lat' dir='ltr'>cum</span> <span class='ocrx_word' id='word_1_285' title='bbox 2281 3931 2350 3984; x_wconf 93' lang='lat' dir='ltr'>ob</span> <span class='ocrx_word' id='word_1_286' title='bbox 2390 3929 2529 3984; x_wconf 87' lang='lat' dir='ltr'>alias</span> <span class='ocrx_word' id='word_1_287' title='bbox 2569 3947 2761 3984; x_wconf 87' lang='lat' dir='ltr'>causas</span> <span class='ocrx_word' id='word_1_288' title='bbox 2787 3933 2911 3984; x_wconf 91' lang='lat' dir='ltr'>tum</span> <span class='ocrx_word' id='word_1_289' title='bbox 2936 3931 3005 3984; x_wconf 94' lang='lat' dir='ltr'>ob</span> <span class='ocrx_word' id='word_1_290' title='bbox 3033 3930 3185 3984; x_wconf 84' lang='lat' dir='ltr'>hanc</span> 
     </span>
     <span class='ocr_line' id='line_1_35' title="bbox 720 4014 3168 4089; baseline -0.002 -16"><span class='ocrx_word' id='word_1_291' title='bbox 720 4019 1039 4084; x_wconf 87' lang='lat' dir='ltr'>laudantur,</span> <span class='ocrx_word' id='word_1_292' title='bbox 1070 4018 1240 4086; x_wconf 86' lang='lat' dir='ltr'>quod:</span> <span class='ocrx_word' id='word_1_293' title='bbox 1271 4014 1724 4088; x_wconf 78' lang='grc' dir='ltr'>ὲπεμ]ελήθησαν.</span> <span class='ocrx_word' id='word_1_294' title='bbox 1748 4059 1761 4072; x_wconf 93' lang='grc'><strong>.</strong></span> <span class='ocrx_word' id='word_1_295' title='bbox 1783 4060 1797 4073; x_wconf 91' lang='grc'><strong>.</strong></span> <span class='ocrx_word' id='word_1_296' title='bbox 1825 4023 1922 4088; x_wconf 82' lang='grc' dir='ltr'>τῆς</span> <span class='ocrx_word' id='word_1_297' title='bbox 1951 4015 2234 4089; x_wconf 74' lang='grc' dir='ltr'>συλλο[γῆς</span> <span class='ocrx_word' id='word_1_298' title='bbox 2262 4024 2357 4089; x_wconf 80' lang='grc' dir='ltr'>τῆς</span> <span class='ocrx_word' id='word_1_299' title='bbox 2383 4036 2436 4068; x_wconf 85' lang='grc' dir='ltr'>τε</span> <span class='ocrx_word' id='word_1_300' title='bbox 2465 4015 2657 4089; x_wconf 82' lang='grc' dir='ltr'><strong>βουλῆς</strong></span> <span class='ocrx_word' id='word_1_301' title='bbox 2685 4018 2772 4070; x_wconf 74' lang='grc' dir='ltr'>καὶ</span> <span class='ocrx_word' id='word_1_302' title='bbox 2799 4024 2885 4069; x_wconf 81' lang='grc' dir='ltr'>τοῦ</span> <span class='ocrx_word' id='word_1_303' title='bbox 2905 4016 3094 4088; x_wconf 80' lang='grc' dir='ltr'>δήμου.</span> <span class='ocrx_word' id='word_1_304' title='bbox 3118 4061 3131 4074; x_wconf 86' lang='grc'><strong>.</strong></span> <span class='ocrx_word' id='word_1_305' title='bbox 3153 4059 3168 4073; x_wconf 89' lang='grc'><strong>.</strong></span> 
     </span>
    </p>

    <p class='ocr_par' dir='ltr' id='par_1_11' title="bbox 710 4106 3198 4890">
     <span class='ocr_line' id='line_1_36' title="bbox 901 4106 3179 4177; baseline 0.001 -17"><span class='ocrx_word' id='word_1_306' title='bbox 901 4106 945 4175; x_wconf 75' lang='lat'>⁶)</span> <span class='ocrx_word' id='word_1_307' title='bbox 981 4107 1047 4160; x_wconf 92' lang='lat' dir='ltr'>Id</span> <span class='ocrx_word' id='word_1_308' title='bbox 1083 4107 1231 4161; x_wconf 80' lang='lat' dir='ltr'>enim</span> <span class='ocrx_word' id='word_1_309' title='bbox 1268 4109 1334 4161; x_wconf 91' lang='lat' dir='ltr'>ut</span> <span class='ocrx_word' id='word_1_310' title='bbox 1380 4109 1511 4161; x_wconf 86' lang='lat' dir='ltr'>ante</span> <span class='ocrx_word' id='word_1_311' title='bbox 1546 4108 1735 4161; x_wconf 85' lang='lat' dir='ltr'>omnia</span> <span class='ocrx_word' id='word_1_312' title='bbox 1772 4106 2050 4162; x_wconf 85' lang='lat' dir='ltr'>ordinaria</span> <span class='ocrx_word' id='word_1_313' title='bbox 2086 4108 2280 4177; x_wconf 86' lang='lat' dir='ltr'>populi</span> <span class='ocrx_word' id='word_1_314' title='bbox 2318 4108 2553 4162; x_wconf 86' lang='lat' dir='ltr'>concilia</span> <span class='ocrx_word' id='word_1_315' title='bbox 2587 4109 2767 4174; x_wconf 89' lang='lat' dir='ltr'>fieret,</span> <span class='ocrx_word' id='word_1_316' title='bbox 2806 4109 2897 4162; x_wconf 89' lang='lat' dir='ltr'>lex</span> <span class='ocrx_word' id='word_1_317' title='bbox 2932 4108 3043 4163; x_wconf 79' lang='lat' dir='ltr'>fuit</span> <span class='ocrx_word' id='word_1_318' title='bbox 3056 4131 3070 4173; x_wconf 93' lang='lat'>;</span> <span class='ocrx_word' id='word_1_319' title='bbox 3108 4107 3179 4162; x_wconf 81' lang='lat' dir='ltr'>cf.</span> 
     </span>
     <span class='ocr_line' id='line_1_37' title="bbox 719 4192 3185 4266; baseline -0 -14"><span class='ocrx_word' id='word_1_320' title='bbox 719 4215 765 4252; x_wconf 92' lang='lat' dir='ltr'>e.</span> <span class='ocrx_word' id='word_1_321' title='bbox 805 4215 848 4252; x_wconf 88' lang='lat' dir='ltr'>c.</span> <span class='ocrx_word' id='word_1_322' title='bbox 889 4197 1042 4250; x_wconf 85' lang='lat' dir='ltr'>Dem.</span> <span class='ocrx_word' id='word_1_323' title='bbox 1080 4195 1263 4248; x_wconf 90' lang='lat' dir='ltr'>XXIV</span> <span class='ocrx_word' id='word_1_324' title='bbox 1280 4195 1367 4248; x_wconf 88' lang='grc'>48.</span> <span class='ocrx_word' id='word_1_325' title='bbox 1441 4195 1494 4248; x_wconf 91' lang='lat' dir='ltr'>Is</span> <span class='ocrx_word' id='word_1_326' title='bbox 1511 4212 1517 4217; x_wconf 92' lang='lat'>·</span> <span class='ocrx_word' id='word_1_327' title='bbox 1532 4194 1725 4264; x_wconf 87' lang='lat' dir='ltr'>igitur,</span> <span class='ocrx_word' id='word_1_328' title='bbox 1764 4195 1865 4265; x_wconf 87' lang='lat' dir='ltr'>qui</span> <span class='ocrx_word' id='word_1_329' title='bbox 1902 4192 2074 4246; x_wconf 79' lang='grc' dir='ltr'>ἄδειαν</span> <span class='ocrx_word' id='word_1_330' title='bbox 2112 4214 2147 4250; x_wconf 85' lang='lat' dir='ltr'>a</span> <span class='ocrx_word' id='word_1_331' title='bbox 2182 4197 2386 4266; x_wconf 88' lang='lat' dir='ltr'>populo</span> <span class='ocrx_word' id='word_1_332' title='bbox 2435 4197 2713 4266; x_wconf 88' lang='lat' dir='ltr'>petiturus</span> <span class='ocrx_word' id='word_1_333' title='bbox 2759 4200 2859 4261; x_wconf 90' lang='lat' dir='ltr'>est,</span> <span class='ocrx_word' id='word_1_334' title='bbox 2905 4197 3185 4266; x_wconf 83' lang='lat' dir='ltr'>principio</span> 
     </span>
     <span class='ocr_line' id='line_1_38' title="bbox 719 4283 3183 4355; baseline 0 -16"><span class='ocrx_word' id='word_1_335' title='bbox 719 4285 781 4339; x_wconf 91' lang='lat' dir='ltr'>in</span> <span class='ocrx_word' id='word_1_336' title='bbox 816 4286 1015 4338; x_wconf 89' lang='lat' dir='ltr'>senatu</span> <span class='ocrx_word' id='word_1_337' title='bbox 1051 4283 1398 4352; x_wconf 84' lang='lat' dir='ltr'>supplicandi</span> <span class='ocrx_word' id='word_1_338' title='bbox 1436 4283 1770 4338; x_wconf 81' lang='lat' dir='ltr'>caerimonia</span> <span class='ocrx_word' id='word_1_339' title='bbox 1806 4302 1935 4338; x_wconf 89' lang='lat' dir='ltr'>usus</span> <span class='ocrx_word' id='word_1_340' title='bbox 1974 4285 2062 4349; x_wconf 87' lang='lat' dir='ltr'>(cf.</span> <span class='ocrx_word' id='word_1_341' title='bbox 2102 4285 2369 4340; x_wconf 87' lang='lat' dir='ltr'>Valeton:</span> <span class='ocrx_word' id='word_1_342' title='bbox 2418 4287 2680 4341; x_wconf 86' lang='lat' dir='ltr'>Mnemos.</span> <span class='ocrx_word' id='word_1_343' title='bbox 2719 4305 2773 4340; x_wconf 92' lang='lat' dir='ltr'>n.</span> <span class='ocrx_word' id='word_1_344' title='bbox 2812 4304 2853 4340; x_wconf 92' lang='lat' dir='ltr'>s.</span> <span class='ocrx_word' id='word_1_345' title='bbox 2892 4287 2995 4341; x_wconf 90' lang='lat' dir='ltr'>XV</span> <span class='ocrx_word' id='word_1_346' title='bbox 3030 4304 3084 4355; x_wconf 87' lang='lat' dir='ltr'>p.</span> <span class='ocrx_word' id='word_1_347' title='bbox 3123 4286 3183 4352; x_wconf 87' lang='grc'>4)</span> 
     </span>
     <span class='ocr_line' id='line_1_39' title="bbox 721 4371 3181 4444; baseline 0 -16"><span class='ocrx_word' id='word_1_348' title='bbox 721 4374 889 4428; x_wconf 86' lang='lat' dir='ltr'>verba</span> <span class='ocrx_word' id='word_1_349' title='bbox 923 4371 1075 4427; x_wconf 87' lang='lat' dir='ltr'>facit.</span> <span class='ocrx_word' id='word_1_350' title='bbox 1110 4401 1162 4409; x_wconf 88' lang='lat'>-</span> <span class='ocrx_word' id='word_1_351' title='bbox 1203 4372 1458 4426; x_wconf 85' lang='lat' dir='ltr'>Ceterum</span> <span class='ocrx_word' id='word_1_352' title='bbox 1497 4390 1640 4440; x_wconf 89' lang='lat' dir='ltr'>quae</span> <span class='ocrx_word' id='word_1_353' title='bbox 1677 4373 1911 4428; x_wconf 89' lang='lat' dir='ltr'>Preller:</span> <span class='ocrx_word' id='word_1_354' title='bbox 1958 4374 2083 4429; x_wconf 65' lang='lat' dir='ltr'>»Gn</span> <span class='ocrx_word' id='word_1_355' title='bbox 2112 4375 2378 4443; x_wconf 77' lang='lat' dir='ltr'>Mythol.‹</span> <span class='ocrx_word' id='word_1_356' title='bbox 2419 4374 2475 4428; x_wconf 77' lang='lat'>1⁴</span> <span class='ocrx_word' id='word_1_357' title='bbox 2495 4376 2600 4429; x_wconf 86' lang='grc'>425</span> <span class='ocrx_word' id='word_1_358' title='bbox 2637 4375 2798 4430; x_wconf 87' lang='lat' dir='ltr'>dicit:</span> <span class='ocrx_word' id='word_1_359' title='bbox 2843 4375 3009 4442; x_wconf 79' lang='lat' dir='ltr'>»(Das</span> <span class='ocrx_word' id='word_1_360' title='bbox 3046 4376 3181 4444; x_wconf 77' lang='lat' dir='ltr'>Pry-</span> 
     </span>
     <span class='ocr_line' id='line_1_40' title="bbox 717 4460 3190 4534; baseline 0.001 -16"><span class='ocrx_word' id='word_1_361' title='bbox 717 4460 965 4529; x_wconf 85' lang='lat' dir='ltr'>taneion)</span> <span class='ocrx_word' id='word_1_362' title='bbox 1001 4479 1119 4515; x_wconf 85' lang='lat' dir='ltr'>war</span> <span class='ocrx_word' id='word_1_363' title='bbox 1154 4461 1243 4515; x_wconf 87' lang='lat' dir='ltr'>die</span> <span class='ocrx_word' id='word_1_364' title='bbox 1270 4461 1478 4516; x_wconf 69' lang='lat' dir='ltr'>Statte.</span> <span class='ocrx_word' id='word_1_365' title='bbox 1502 4505 1513 4517; x_wconf 90' lang='lat'><strong>.</strong></span> <span class='ocrx_word' id='word_1_366' title='bbox 1538 4504 1550 4517; x_wconf 89' lang='lat'><strong>.</strong></span> <span class='ocrx_word' id='word_1_367' title='bbox 1572 4503 1586 4517; x_wconf 90' lang='lat'><strong>.</strong></span> <span class='ocrx_word' id='word_1_368' title='bbox 1626 4463 1722 4517; x_wconf 88' lang='lat' dir='ltr'>der</span> <span class='ocrx_word' id='word_1_369' title='bbox 1752 4463 2427 4534; x_wconf 82' lang='lat' dir='ltr'>Gemeindeberatungen.</span> <span class='ocrx_word' id='word_1_370' title='bbox 2451 4508 2463 4520; x_wconf 92' lang='lat'><strong>.</strong></span> <span class='ocrx_word' id='word_1_371' title='bbox 2487 4507 2498 4519; x_wconf 92' lang='lat'><strong>.</strong></span> <span class='ocrx_word' id='word_1_372' title='bbox 2522 4507 2535 4520; x_wconf 91' lang='lat'><strong>.</strong></span> <span class='ocrx_word' id='word_1_373' title='bbox 2575 4465 2691 4519; x_wconf 85' lang='lat' dir='ltr'>und</span> <span class='ocrx_word' id='word_1_374' title='bbox 2720 4465 2808 4520; x_wconf 90' lang='lat' dir='ltr'>die</span> <span class='ocrx_word' id='word_1_375' title='bbox 2835 4465 2932 4520; x_wconf 88' lang='lat' dir='ltr'>der</span> <span class='ocrx_word' id='word_1_376' title='bbox 2960 4465 3190 4520; x_wconf 81' lang='lat' dir='ltr'>Schutz-</span> 
     </span>
     <span class='ocr_line' id='line_1_41' title="bbox 710 4550 3190 4623; baseline 0 -17"><span class='ocrx_word' id='word_1_377' title='bbox 710 4550 1018 4617; x_wconf 85' lang='lat' dir='ltr'>flehenden,</span> <span class='ocrx_word' id='word_1_378' title='bbox 1057 4567 1219 4604; x_wconf 88' lang='lat' dir='ltr'>wenn</span> <span class='ocrx_word' id='word_1_379' title='bbox 1256 4550 1334 4604; x_wconf 85' lang='lat' dir='ltr'>sie</span> <span class='ocrx_word' id='word_1_380' title='bbox 1372 4551 1476 4605; x_wconf 90' lang='lat' dir='ltr'>den</span> <span class='ocrx_word' id='word_1_381' title='bbox 1525 4551 1725 4606; x_wconf 87' lang='lat' dir='ltr'>Schutz</span> <span class='ocrx_word' id='word_1_382' title='bbox 1775 4552 1868 4606; x_wconf 89' lang='lat' dir='ltr'>des</span> <span class='ocrx_word' id='word_1_383' title='bbox 1916 4566 2128 4621; x_wconf 86' lang='lat' dir='ltr'>ganzen</span> <span class='ocrx_word' id='word_1_384' title='bbox 2177 4553 2398 4608; x_wconf 87' lang='lat' dir='ltr'>Staates</span> <span class='ocrx_word' id='word_1_385' title='bbox 2447 4555 2508 4607; x_wconf 89' lang='lat' dir='ltr'>in</span> <span class='ocrx_word' id='word_1_386' title='bbox 2553 4554 2843 4623; x_wconf 89' lang='lat' dir='ltr'>Anspruch</span> <span class='ocrx_word' id='word_1_387' title='bbox 2891 4554 3190 4621; x_wconf 75' lang='lat' dir='ltr'>nahmen«,</span> 
     </span>
     <span class='ocr_line' id='line_1_42' title="bbox 720 4639 3192 4712; baseline 0.001 -16"><span class='ocrx_word' id='word_1_388' title='bbox 720 4658 786 4696; x_wconf 88' lang='lat' dir='ltr'>ea</span> <span class='ocrx_word' id='word_1_389' title='bbox 822 4641 889 4695; x_wconf 88' lang='lat' dir='ltr'>de</span> <span class='ocrx_word' id='word_1_390' title='bbox 925 4639 1162 4709; x_wconf 89' lang='lat' dir='ltr'>posteris</span> <span class='ocrx_word' id='word_1_391' title='bbox 1199 4639 1424 4708; x_wconf 81' lang='lat' dir='ltr'>quidem</span> <span class='ocrx_word' id='word_1_392' title='bbox 1451 4642 1794 4710; x_wconf 87' lang='lat' dir='ltr'>temporibus</span> <span class='ocrx_word' id='word_1_393' title='bbox 1821 4659 2175 4710; x_wconf 88' lang='lat' dir='ltr'>nequaquam</span> <span class='ocrx_word' id='word_1_394' title='bbox 2203 4643 2396 4697; x_wconf 86' lang='lat' dir='ltr'>valent</span> <span class='ocrx_word' id='word_1_395' title='bbox 2437 4642 2521 4711; x_wconf 89' lang='lat' dir='ltr'>[de</span> <span class='ocrx_word' id='word_1_396' title='bbox 2549 4646 2818 4712; x_wconf 80' lang='lat' dir='ltr'>prytaneo</span> <span class='ocrx_word' id='word_1_397' title='bbox 2847 4643 2914 4699; x_wconf 90' lang='lat' dir='ltr'>cf.</span> <span class='ocrx_word' id='word_1_398' title='bbox 2955 4643 3192 4699; x_wconf 82' lang='lat' dir='ltr'>Gilbert:</span> 
     </span>
     <span class='ocr_line' id='line_1_43' title="bbox 723 4730 3198 4799; baseline 0.001 -14"><span class='ocrx_word' id='word_1_399' title='bbox 723 4730 1074 4785; x_wconf 76' lang='lat' dir='ltr'>»Staatsalt.«</span> <span class='ocrx_word' id='word_1_400' title='bbox 1090 4730 1117 4783; x_wconf 94' lang='lat' dir='ltr'>I</span> <span class='ocrx_word' id='word_1_401' title='bbox 1144 4730 1321 4795; x_wconf 83' lang='lat'>118‚2;</span> <span class='ocrx_word' id='word_1_402' title='bbox 1343 4730 1700 4798; x_wconf 85' lang='lat' dir='ltr'>Hagemann:</span> <span class='ocrx_word' id='word_1_403' title='bbox 1719 4731 1817 4783; x_wconf 78' lang='lat' dir='ltr'>»de</span> <span class='ocrx_word' id='word_1_404' title='bbox 1828 4734 2128 4799; x_wconf 79' lang='lat' dir='ltr'>prytaneo«</span> <span class='ocrx_word' id='word_1_405' title='bbox 2145 4732 2376 4787; x_wconf 86' lang='lat' dir='ltr'>Vratisl.</span> <span class='ocrx_word' id='word_1_406' title='bbox 2400 4732 2564 4797; x_wconf 83' lang='lat'>1880;</span> <span class='ocrx_word' id='word_1_407' title='bbox 2601 4733 2667 4787; x_wconf 89' lang='lat' dir='ltr'>de</span> <span class='ocrx_word' id='word_1_408' title='bbox 2696 4733 2851 4787; x_wconf 90' lang='lat' dir='ltr'>curia</span> <span class='ocrx_word' id='word_1_409' title='bbox 2876 4732 2943 4787; x_wconf 86' lang='lat' dir='ltr'>cf.</span> <span class='ocrx_word' id='word_1_410' title='bbox 2973 4732 3198 4787; x_wconf 69' lang='lat' dir='ltr'>Grilbert</span> 
     </span>
     <span class='ocr_line' id='line_1_44' title="bbox 716 4817 3196 4890; baseline -0.001 -15"><span class='ocrx_word' id='word_1_411' title='bbox 716 4822 744 4876; x_wconf 96' lang='grc' dir='ltr'>Ι</span> <span class='ocrx_word' id='word_1_412' title='bbox 763 4818 966 4886; x_wconf 86' lang='grc'>259,1].</span> <span class='ocrx_word' id='word_1_413' title='bbox 1040 4819 1189 4872; x_wconf 88' lang='lat' dir='ltr'>Nam</span> <span class='ocrx_word' id='word_1_414' title='bbox 1228 4818 1528 4873; x_wconf 84' lang='lat' dir='ltr'>Clisthenis</span> <span class='ocrx_word' id='word_1_415' title='bbox 1558 4818 1672 4872; x_wconf 87' lang='lat' dir='ltr'>iam</span> <span class='ocrx_word' id='word_1_416' title='bbox 1702 4822 1888 4874; x_wconf 85' lang='lat' dir='ltr'>aetate</span> <span class='ocrx_word' id='word_1_417' title='bbox 1926 4819 2071 4890; x_wconf 73' lang='grc' dir='ltr'>κοινὴ</span> <span class='ocrx_word' id='word_1_418' title='bbox 2111 4819 2249 4870; x_wconf 78' lang='grc' dir='ltr'>ἑστία</span> <span class='ocrx_word' id='word_1_419' title='bbox 2286 4821 2347 4874; x_wconf 90' lang='lat' dir='ltr'>in</span> <span class='ocrx_word' id='word_1_420' title='bbox 2384 4821 2599 4875; x_wconf 90' lang='lat' dir='ltr'>tholum</span> <span class='ocrx_word' id='word_1_421' title='bbox 2640 4822 2916 4876; x_wconf 88' lang='lat' dir='ltr'>translata</span> <span class='ocrx_word' id='word_1_422' title='bbox 2955 4825 3053 4887; x_wconf 91' lang='lat' dir='ltr'>est,</span> <span class='ocrx_word' id='word_1_423' title='bbox 3092 4817 3196 4876; x_wconf 87' lang='lat' dir='ltr'>ubi</span> 
     </span>
    </p>
   </div>
  </div>
 </body>
</html>
