3567 5392
1596 435 1679 495 23

417 626 760 711 pitalibus)
827 627 893 691 in
948 627 1225 693 vinculis
1282 634 1594 711 tenentur,
1661 626 1879 710 quoad
1933 626 2243 693 iudicium
2297 627 2703 693 heliasticum
2760 646 2873 694 eos

415 733 839 819 damnaverit,
856 733 904 819 ¹)
951 734 1079 801 nisi
1125 733 1208 801 iis
1254 733 1433 820 prius
1480 733 1655 799 ἄδεια
1702 733 1861 798 data
1910 734 2087 819 est,²)
2147 755 2272 818 quo
2329 735 2502 799 facto
2557 734 2703 799 loca
2760 733 2872 799 ad-

418 840 614 906 eundi
660 840 792 907 illis
841 840 1129 906 facultas
1186 842 1324 908 sive
1379 841 1731 927 impunitas
1798 839 1935 907 fuit.
2055 839 2237 918 Quae
2302 841 2472 907 ἄδεια
2536 862 2680 906 cum
2741 840 2871 906 fide

405 946 671 1032 publica
719 948 1034 1033 exulibus,
1080 948 1194 1032 qui
1238 947 1508 1014 redituri
1555 954 1755 1032 erant,
1806 968 2118 1014 concessa
2157 948 2642 1015 similitudinem
2672 969 2871 1033 quan-

423 1053 577 1119 dam
629 1053 906 1134 habet.3)
998 1054 1151 1119 Alia
1206 1062 1422 1120 autem
1480 1075 1699 1121 eorum
1752 1055 1920 1121 ratio
1969 1054 2103 1142 fuit,
2152 1057 2288 1140 qni,
2351 1076 2494 1122 cum
2558 1054 2720 1120 illud
2774 1076 2872 1121 ro-

433 1161 735 1245 gationes
792 1161 1043 1227 ferendi
1098 1161 1199 1228 ius
1253 1163 1336 1228 iis
1392 1163 1780 1247 abrogatum
1836 1168 2029 1248 esset,
2074 1169 2291 1228 tamen
2336 1163 2403 1228 id
2460 1182 2761 1229 exercere
2816 1162 2876 1228 h.

412 1288 470 1334 e.
516 1267 586 1333 in
631 1268 913 1353 priorem
961 1275 1202 1355 statum
1255 1269 1509 1335 restitui
1563 1270 1923 1338 voluerunt.
2036 1267 2245 1354 Quod,
2307 1270 2437 1336 nisi
2499 1270 2672 1336 ἄδεια
2736 1269 2875 1336 sive

417 1375 773 1460 impunitas
819 1375 1099 1460 rogandi
1137 1375 1295 1441 data
1342 1383 1536 1454 esset,
1584 1397 1752 1460 quae
1801 1377 1884 1442 ab
1931 1376 2047 1441 illa
2094 1377 2267 1461 ἀδείᾳ
2315 1377 2454 1442 sive
2489 1377 2873 1462 impunitate

411 1480 700 1547 adeundi
746 1480 1043 1569 differt,⁴)
1091 1483 1232 1549 fieri
1276 1504 1405 1549 non
1451 1484 1681 1569 potuit.

592 1605 777 1684 Quae
835 1629 979 1675 cum
1035 1609 1129 1674 ita
1188 1630 1259 1675 se
1314 1609 1625 1687 habeant,
1691 1628 1862 1674 nunc
1924 1608 2056 1673 iam
2120 1608 2533 1693 indagemus,
2597 1601 2734 1691 qua*
2790 1607 2873 1673 de

413 1710 619 1781 causa
669 1715 746 1799 ei,
796 1715 906 1798 qui
954 1715 1429 1782 restitutionem
1471 1729 1585 1782 τῶν
1635 1715 1856 1803 ἀτίμων
1913 1722 2258 1800 rogaturus
2316 1722 2478 1799 erat,
2532 1714 2707 1780 ἄδεια
2761 1715 2874 1778 im-

413 1822 740 1907 petranda
814 1823 1023 1890 fuerit.
1133 1824 1292 1890 Cum
1367 1824 1537 1891 enim
1609 1824 1737 1890 duo
1810 1824 2046 1890 fuerint
2119 1824 2334 1910 capite
2408 1823 2876 1889 deminutorum

410 1949 673 2013 genera,
730 1950 1003 2012 quorum
1056 1939 1395 2015 utrumque
1440 1931 1506 1996 in
1561 1931 1737 1997 vitae
1784 1938 2040 2016 tempus
2088 1930 2332 2019 ἀτιμίας
2376 1950 2590 2015 poena
2637 1930 2876 1996 afficie-

407 2038 619 2121 batur,
631 2037 682 2119 ⁵)
730 2038 1008 2120 alterum
1054 2059 1292 2123 eorum,
1340 2059 1382 2103 a
1428 2039 1661 2123 quibus
1709 2039 1927 2103 omnia
1981 2039 2125 2103 iura
2181 2044 2247 2104 et
2306 2038 2585 2103 honores
2641 2037 2878 2103 civium

427 2143 807 2209 abiudicata
855 2151 1056 2222 erant,
1108 2147 1384 2212 alterum
1432 2166 1676 2231 eorum,
1721 2146 1967 2229 quibus
2023 2146 2306 2211 civitatis
2361 2144 2645 2229 quadam
2689 2150 2877 2229 parte

419 2247 547 2315 frui
592 2271 722 2316 non
768 2251 1103 2334 licebatzss)
1149 2252 1217 2317 in
1264 2253 1633 2319 universum
1680 2252 2026 2318 dicendum
2074 2259 2173 2319 est
2220 2253 2306 2336 ei,
2362 2252 2472 2336 qui
2528 2258 2874 2334 rogaturus

414 2362 611 2436 esset,
659 2363 731 2421 ut
798 2358 1193 2444 sempiterna
1258 2353 1466 2446 ἀτιμίᾳ
1522 2359 1779 2446 multati
1851 2359 1918 2423 in
1982 2359 2302 2442 integrum
2368 2359 2876 2442 restituerentur,

415 2463 593 2547 ἀδείᾳ
647 2456 812 2549 opus
873 2464 1095 2551 fuisse,
1142 2466 1383 2551 quippe
1420 2466 1530 2549 qui
1576 2467 1889 2551 populum
1935 2465 2295 2552 impediret,
2333 2486 2414 2531 ne
2460 2465 2878 2549 voluntatem,

414 2591 611 2652 quam
657 2571 723 2636 in
771 2571 1112 2638 heliastico
1161 2572 1400 2638 iudicio
1449 2572 1879 2658 declarasset,
1937 2579 2363 2656 exequeretur
2419 2592 2623 2656 eoque
2680 2571 2873 2636 modo

409 2681 479 2742 τὸ
543 2681 741 2763 κὺριον
785 2679 1081 2748 violaret.
1190 2681 1360 2748 Nam
1423 2700 1637 2766 poena
1698 2681 1781 2746 ab
1846 2680 2145 2746 heliastis
2201 2680 2550 2746 constituta
2605 2680 2671 2744 in
2731 2700 2877 2745 con-

415 2784 595 2851 tione
644 2806 788 2851 cum
833 2787 1074 2872 populo
1122 2786 1205 2852 de
1255 2807 1336 2853 ea
1380 2808 1450 2853 re
1497 2786 1708 2852 denuo
1759 2807 1958 2871 agere
2002 2808 2132 2852 non
2178 2786 2378 2870 licuit,
2405 2787 2533 2853 nisi
2560 2793 2735 2852 totus
2763 2807 2876 2872 po-

422 2891 636 2976 pulus,
682 2894 790 2976 qui
823 2914 1070 2959 summa
1098 2901 1427 2980 potestate
1459 2895 1676 2979 utitur,
1702 2895 1849 2980 ipse
1876 2894 2135 2960 veniam
2168 2892 2429 2959 dicendi
2458 2892 2876 2960 decrevisset.

587 3018 675 3082 At
736 3019 803 3083 in
867 3039 1034 3103 pace
1098 3019 1360 3103 quidem
1425 3039 1556 3103 eos,
1631 3019 1740 3103 qui
1814 3039 1868 3084 e.
1937 3038 1989 3084 c.
2056 3019 2136 3083 ob
2195 3017 2545 3102 ἀστρατείαν
2616 3015 2722 3082 vel
2793 3017 2874 3082 ob

411 3125 651 3203 δειλίοιν.,Δ
700 3131 771 3190 ut
817 3126 913 3190 ait
956 3125 1349 3211 AndocideS,
1399 3126 1645 3214 ,ἄτιμοι
1690 3126 1845 3214 ἦσαν
1890 3130 1964 3189 τὰ
2010 3131 2327 3212 σώματα,“
2374 3144 2504 3188 non
2539 3123 2878 3190 restitutos

411 3249 560 3296 esse
609 3238 853 3297 certum
901 3233 1081 3315 est.⁷)
1141 3231 1327 3309 Quod
1384 3241 1520 3299 tum
1566 3232 1841 3316 demum,
1889 3253 2033 3299 cum
2078 3231 2449 3316 respublica
2495 3231 2563 3296 in
2611 3231 2874 3297 summis

411 3338 722 3422 periculis
790 3346 947 3424 erat,
1011 3339 1154 3405 fieri
1216 3340 1441 3426 potuit,
1506 3338 1877 3423 factumque
1942 3348 2060 3423 est,
2135 3345 2205 3403 ut
2265 3338 2726 3420 restitutiones,
2791 3336 2874 3401 de

592 3551 636 3619 ¹)
673 3553 741 3607 cf.
780 3553 935 3607 Dem.
974 3553 1157 3608 XXIV
1196 3554 1296 3607 105
1336 3554 1416 3615 (in
1453 3553 1612 3624 lege).

598 3657 642 3726 ²)
680 3678 733 3716 v.
770 3660 967 3715 Meier:
1012 3661 1110 3714 »de
1145 3661 1270 3716 bon.
1310 3661 1527 3715 damn«
1567 3678 1619 3729 p.
1658 3660 1743 3714 43.

596 3763 639 3832 ⁸)
679 3768 762 3821 De
798 3767 905 3822 hac
940 3784 1000 3822 re
1036 3786 1088 3821 v.
1125 3768 1271 3823 infra
1308 3786 1346 3821 s.
1386 3769 1431 3821 B
1464 3770 1558 3822 2a.
1662 3801 1666 3806 -

600 3872 644 3940 ⁴)
682 3874 764 3929 De
810 3875 1025 3929 ratione
1070 3874 1236 3929 huius
1281 3874 1637 3956 impunitatis
1675 3875 1888 3929 dandae
1923 3875 1999 3941 id,
2038 3875 2185 3942 quod
2221 3878 2278 3928 et
2315 3873 2381 3928 de
2416 3872 2755 3943 impunitate
2791 3891 2852 3926 m

407 3958 631 4017 dicandi
660 3963 850 4018 delicti
888 3967 946 4019 et
982 3965 1049 4019 de
1085 3965 1190 4019 fide
1227 3965 1452 4034 publica
1490 3982 1839 4034 exponemus,
1879 3965 2263 4019 conferendum
2302 3967 2411 4028 est;
2457 3980 2511 4016 v.
2546 3961 2695 4016 infra
2729 3978 2770 4015 s.
2809 3961 2872 4014 B.

597 4068 643 4136 ι5)
679 4071 914 4125 Athenis
943 4072 1141 4141 capitis
1170 4072 1549 4127 deminutione
1575 4071 1822 4127 maxima
1847 4071 2103 4127 multatis
2132 4071 2276 4126 sicut
2301 4071 2508 4124 Romae
2525 4085 2596 4122 ne
2614 4068 2876 4123 libertate

411 4159 639 4229 quidem
677 4159 765 4215 uti
792 4160 1010 4216 licuisse
1038 4180 1136 4231 pro
1163 4165 1309 4217 certo
1340 4163 1450 4217 dici
1476 4180 1586 4217 non
1609 4165 1809 4231 potest,
1832 4179 2171 4230 quamquam
2197 4160 2494 4215 nonnullae
2522 4154 2869 4228 προστάξεις(

406 4249 658 4317 aliquam
715 4252 934 4319 partem
989 4251 1264 4306 libertatis
1328 4251 1653 4306 ademerunt
1718 4251 1807 4319 [cf.
1873 4251 2017 4306 And.
2081 4251 2147 4305 de
2207 4253 2372 4319 myst.
2437 4249 2469 4316 ᾖ
2527 4247 2635 4316 76],
2690 4247 2751 4301 id
2787 4249 2871 4301 est

405 4338 608 4408 capitis
636 4338 945 4394 deminutio
972 4340 1218 4394 maxima
1245 4358 1278 4394 a
1303 4341 1421 4395 foro
1448 4340 1723 4409 sacrisque
1741 4341 1988 4406 arcebat3
2019 4339 2086 4394 cf.
2116 4339 2480 4394 Schoemann:
2516 4338 2640 4392 »Gn
2669 4337 2818 4391 Ali-„ez
2842 4335 2871 4389 I

406 4428 544 4493 3623
582 4428 777 4483 Busolt
814 4428 850 4482 1.
888 4428 927 4482 1.
966 4432 996 4492 ξ
1049 4428 1149 4483 158
1195 4447 1249 4499 p.
1301 4430 1417 4485 143.
1463 4459 1535 4469 —
1581 4430 1854 4495 Ceterum,
1902 4432 1967 4483 ut
2013 4446 2180 4498 supra
2224 4427 2355 4494 dixi,
2412 4428 2478 4482 de
2533 4425 2873 4480 debitoribus

410 4516 649 4587 publicis
685 4517 780 4571 hic
805 4535 917 4572 non
953 4518 1157 4587 agitur,
1195 4519 1402 4588 quippe
1439 4519 1536 4587 qui
1574 4515 1738 4588 ἄτιμοι
1775 4522 1973 4583 essent,
2012 4518 2143 4572 dum
2178 4519 2453 4572 solverent
2488 4516 2692 4571 debita.

591 4622 636 4693 ⁸)
674 4625 743 4679 cf.
782 4624 1000 4681 Gilbert
1033 4625 1063 4679 Ι
1102 4626 1221 4691 189,
1267 4629 1320 4692 13
1356 4627 1551 4682 Busolt
1589 4627 1619 4694 ξ
1664 4628 1762 4681 158
1800 4645 1853 4696 p.
1896 4628 2013 4681 143.

595 4729 638 4798 ⁷)
675 4732 742 4788 de
778 4732 866 4787 his
904 4733 1086 4802 capite
1123 4733 1424 4806 deminutis
1463 4735 1528 4789 cf.
1578 4751 1622 4788 e.
1673 4752 1716 4789 c.
1764 4733 2360 4788 Hauvette-Besnanlt
2404 4732 2440 4785 1.
2478 4732 2515 4784 1.
2554 4749 2605 4799 p.
2651 4729 2747 4782 141
2789 4745 2869 4795 sq.
