3567 5392
1812 431 1934 496 133

646 627 801 712 plex
847 646 1113 692 causam
1168 633 1582 710 exposuerat,
1639 645 1751 690 cur
1807 626 2010 692 ἄδειαν
2065 625 2209 691 dari
2264 626 2501 693 iustum
2559 634 2624 691 et
2677 626 2808 711 ipsi
2863 626 3107 711 populo

648 733 806 800 utile
836 740 1030 800 esset.
1108 731 1356 809 Quodsi
1396 732 1673 817 populus
1712 733 2014 817 precibus
2052 733 2227 799 illius
2272 741 2625 799 commotus
2668 740 3107 818 concesserat,

648 847 721 907 ut
764 842 835 905 in
880 841 1396 907 extraordinaria
1426 840 1723 906 contione
1754 839 1837 906 (16
1870 840 2077 914 ἀδείας
2117 840 2383 930 datione
2424 841 2738 925 suffragia
2776 840 3108 926 ferrentur,

654 948 869 1014 omnia
893 948 959 1012 in
989 968 1065 1013 eo
1096 948 1313 1033 posita
1343 954 1543 1032 erant,
1573 955 1643 1012 ut
1670 954 1983 1032 prytanes
2012 955 2494 1033 programmate
2521 949 2930 1033 promulgato
2959 968 3106 1014 con·

650 1056 893 1122 tionem
940 1061 1369 1120 convocarent
1413 1055 1851 1139 populumque
1896 1055 1965 1119 in
2012 1055 2396 1139 suffragium
2450 1055 2798 1121 mitterent.
2892 1053 3109 1131 Quare

654 1163 721 1227 in
767 1162 870 1227 his
928 1161 1205 1227 comitiis
1259 1181 1468 1242 neque
1528 1162 1765 1227 iustum
1822 1162 2244 1247 probuleuma
2301 1182 2509 1245 neque
2568 1161 3109 1247 disceptationem

655 1269 859 1335 fuisse
908 1269 1221 1351 cense0.¹)
1261 1330 1263 1332 ,
1313 1268 1568 1333 Etenim
1627 1269 1807 1354 prius
1865 1264 2207 1335 concilium
2263 1269 2675 1355 disceptandi
2730 1269 3111 1335 facultatem

657 1376 947 1460 dederat,
995 1374 1575 1440 extraordinarium
1622 1395 1691 1440 re
1740 1376 1911 1440 omni
1958 1376 2211 1442 ratione
2260 1383 2325 1441 et
2372 1376 2768 1460 cogitatione
2824 1384 3110 1461 pertrac-

657 1490 797 1549 tata
844 1483 932 1549 ad
976 1482 1045 1547 id
1091 1488 1342 1547 tantum
1372 1483 1784 1549 constitutum
1817 1489 1975 1568 erat,
2015 1489 2088 1549 ut
2113 1484 2394 1569 populus
2427 1483 2807 1568 suffragium
2834 1483 3111 1566 iniret.²)

833 1592 1046 1674 Atque
1109 1589 1380 1673 primum
1449 1588 1708 1673 quidem
1774 1588 2251 1679 ὀστρακοφορίας
2320 1629 2394 1637 --
2466 1599 2538 1657 ut
2601 1591 2817 1676 ipsum
2877 1610 3112 1655 nomen

538 1757 550 1765 .
657 1700 847 1766 docet
877 1736 960 1744 -
991 1697 1305 1763 rationem
1346 1697 1616 1763 eandem
1656 1697 1859 1762 fuisse
1897 1718 2085 1762 nemo
2114 1698 2249 1764 fere
2276 1697 2607 1763 hominum
2632 1698 2965 1764 doctorum
2995 1703 3142 1782 est,‘

658 1809 767 1893 qui
806 1806 1169 1872 dissentiat.
1242 1803 1346 1868 Ad
1386 1805 1555 1868 hanc
1591 1803 1790 1886 igitur
1827 1803 2305 1892 ὀστρακοφορίαν
2352 1805 2437 1889 id,
2486 1804 2660 1888 quod
2701 1804 2977 1870 Valeton
3030 1803 3113 1868 de

601 1914 605 1919 ’
657 1915 1085 2001 ἐπιχειροτονία
1133 1913 1447 1996 exposuit,
1493 1911 1900 1988 referendum
1948 1931 2094 1978 esse
2143 1913 2440 1978 existimo
2454 1912 2530 1990 ³):
2580 1911 3111 1978 deliberationem

659 2022 984 2107 publicam
1035 2019 1117 2085 de
1164 2039 1243 2084 ea
1290 2039 1360 2084 re
1404 2019 1647 2083 nullam
1695 2019 1899 2084 fuisse
1946 2040 2156 2103 neque
2201 2020 2270 2083 in
2318 2026 2549 2085 senatu
2596 2039 2806 2102 neque
2852 2019 2919 2083 in
2966 2037 3112 2083 con-

662 2128 809 2195 cilio
857 2126 1097 2212 populi.
1184 2126 1464 2191 Senatus
1514 2127 1680 2191 enim
1728 2126 1795 2190 in
1843 2126 2018 2192 iusta
2067 2126 2327 2210 quidem
2374 2127 2631 2192 actione
2678 2132 2743 2192 et
2791 2125 3114 2210 discepta-

663 2237 838 2301 tione
885 2255 1015 2299 una
1062 2254 1206 2299 cum
1250 2233 1489 2317 populo
1538 2233 1678 2317 agit
1726 2233 2190 2319 deliberatque,
2249 2233 2367 2301 sed
2413 2236 2476 2299 in
2527 2233 2825 2317 suffragii
2869 2231 3115 2298 latione

660 2343 939 2428 populus
988 2341 1164 2406 solus
1211 2340 1598 2406 auctoritate
1656 2341 1937 2425 supremi
1995 2341 2256 2425 collegii
2312 2341 2556 2426 publici
2610 2361 2741 2406 non
2776 2339 3116 2405 *coercitus

663 2470 973 2516 summam
1030 2454 1421 2532 potestatem
1477 2454 1760 2526 exercet,
1822 2468 1950 2529 qua
2010 2468 2167 2514 usus
2223 2456 2336 2513 aut
2389 2447 2863 2537 ὀστρακοφορίαν
2919 2446 3119 2511 habet

661 2564 776 2622 aut
837 2557 1095 2622 veniam
1160 2555 1273 2619 dat
1335 2560 1449 2620 aut
1513 2555 1795 2621 civitatis
1861 2555 2277 2621 donationem
2342 2555 2690 2621 confirmat.
2807 2555 2972 2622 Nam
3047 2557 3117 2616 τὸ

660 2669 862 2750 κὺριον
932 2676 1043 2750 τῆς
1116 2665 1410 2734 πολιτείας
1480 2683 1667 2728 1161110
1744 2662 1873 2728 11161
1950 2662 2091 2747 ipse
2155 2662 2433 2748 populus
2508 2662 2770 2748 tenet,4)
2846 2661 2955 2743 qui
3029 2658 3116 2724 ad

665 2793 846 2839 suum
897 2770 1229 2835 arbitrium
1279 2790 1526 2835 summa
1585 2770 1980 2855 populiscita
2036 2769 2222 2855 priva
2278 2775 2424 2834 rata
2479 2777 2592 2834 aut
2644 2769 2828 2834 irrita
2883 2766 3114 2851 facit,⁵)

851 2951 889 3014 ²)
930 2951 1109 3016 Quam
1162 2949 1496 3003 sententiam
1551 2967 1675 3003 cum
1732 2949 1833 3003 alii
1886 2949 2136 3003 homines
2191 2949 2340 3004 docti
2399 2948 2485 3017 [cf.
2534 2948 2928 3003 Wachsmuth:
2982 2945 3118 3000 »Die

667 3041 830 3096 Stadt
872 3040 1052 3093 Athen
1090 3038 1169 3091 im
1206 3038 1439 3092 Altera«
1483 3039 1507 3091 I
1549 3038 1668 3103 538,
1709 3038 1808 3106 qui
1844 3039 1982 3093 haec
2019 3038 2181 3093 dicit:
2225 3039 2366 3091 »Fur
2403 3038 2646 3092 einzelne
2685 3037 2830 3091 Akte
2867 3037 2959 3091 des
2996 3053 3115 3089 sou·

667 3136 905 3184 veranen
941 3128 1161 3193 VolkeS‚
1200 3127 1289 3180 fiir
1326 3127 1414 3181 die
1451 3127 1768 3182 Vornahme
1817 3127 1909 3181 des
1949 3127 2317 3182 Ostrakismos
2366 3127 2482 3181 und
2526 3126 2985 3181 wahrscheinlich
3031 3125 3123 3178 fiir

665 3219 849 3288 einige
885 3217 1141 3272 61111116116
1178 3216 1485 3281 Geschafte,
1520 3217 1611 3270 bei
1649 3217 1827 3271 denen
1865 3217 1953 3272 die
1991 3219 2232 3272 Debatte
2259 3217 2473 3285 wegfiel
2499 3216 2614 3269 und
2641 3215 2860 3270 einfach
2888 3215 3116 3284 phylen-

665 3308 830 3362 weise
866 3305 1227 3375 abgestimmt
1263 3306 1466 3369 wurde‚
1504 3306 1713 3371 (wurde
1750 3306 1842 3360 die
1878 3304 2042 3377 ὀιγορά
2068 3307 2148 3361 616
2177 3306 2783 3375 Versammlungsplatz
2809 3302 3116 3371 benutzt)‹]

667 3400 788 3450 tum
808 3394 1079 3464 imprimis
1097 3394 1361 3449 Valeton:
1390 3395 1651 3449 Mnemos.
1683 3414 1735 3448 11.
1767 3413 1807 3450 S.
1838 3396 1941 3449 XV
1969 3397 2174 3464 passim
2207 3383 2294 3461 (cf.
2334 3412 2377 3449 e.
2418 3413 2461 3450 c.
2500 3413 2552 3464 p.
2594 3396 2683 3459 27)
2729 3396 3117 3464 probaverunt.

850 3482 892 3551 ²)
930 3484 1169 3538 Valeton
1208 3484 1430 3551 quidem
1466 3487 1634 3552 putat
1670 3484 1924 3554 suffragii
1960 3485 2226 3539 lationem
2265 3502 2457 3539 senum
2491 3484 2711 3537 milium
2748 3501 2959 3552 semper
2995 3500 3119 3537 cum

671 3573 900 3628 concilio
939 3572 1128 3627 eodem
1164 3573 1268 3636 die,
1307 3573 1400 3626 sed
1438 3573 1549 3626 alio
1596 3573 1714 3627 1060
1761 3574 1956 3628 habito
2002 3574 2354 3629 coniunctam
2401 3591 2538 3638 esse3
2578 3573 2643 3628 ef.
2682 3574 2943 3627 Mnemos,
2981 3590 3034 3625 n.
3076 3589 3116 3635 s.

670 3662 773 3717 XV
809 3680 862 3731 p.
902 3663 986 3715 26.

853 3749 894 3817 ⁸)
933 3750 1019 3804 Ad
1070 3750 1245 3804 solam
1301 3745 1691 3820 ὀστρακοφορίαν
1746 3756 1894 3806 certe
1948 3752 2086 3806 haec
2131 3753 2300 3807 verba
2346 3753 2629 3821 pertinent
2687 3750 2745 3818 [l.
2793 3751 2830 3804 l.
2868 3768 2922 3818 p.
2961 3747 3121 3816 408]:

678 3841 959 3895 »Tertium
996 3842 1386 3908 argumentum
1434 3839 1562 3908 (quo
1599 3842 1868 3909 probatur
1902 3842 2085 3895 nullas
2123 3841 2184 3895 in
2220 3842 2538 3896 ostracismo
2577 3841 2798 3895 habitas
2836 3856 2951 3894 esse
2987 3837 3119 3893 deli·

671 3928 1001 3996 berationes)
1048 3925 1411 3982 certissimum
1457 3929 1603 3984 inest
1639 3930 1700 3995 in
1735 3931 1897 3984 modo
1936 3934 1992 3985 et
2029 3931 2244 3985 ratione
2281 3930 2531 4000 suffragii
2578 3930 2927 3994 testularum,
2976 3927 3124 3996 quod

670 4038 767 4090 per
803 4018 1129 4087 scripturam
1166 4017 1280 4072 fit«.

851 4107 894 4175 4)
932 4107 998 4163 cf.
1037 4106 1403 4161 Schoemann:
1447 4107 1570 4161 »Gn
1608 4107 1755 4161 Alt.«
1798 4109 1825 4162 I
1847 4109 1977 4173 373;
2018 4107 2085 4162 cf.
2136 4107 2310 4162 etiam
2357 4125 2441 4173 ea,
2488 4124 2632 4176 quae
2666 4107 2933 4161 Valeton:
2969 4107 3122 4160 Mne-

670 4215 803 4252 mos.
841 4215 895 4250 n.
934 4213 974 4250 s.
1013 4195 1116 4250 XV
1154 4212 1198 4251 e.
1239 4213 1284 4251 6.
1321 4214 1374 4264 p.
1415 4196 1520 4250 390
1555 4214 1673 4264 sqq.
1714 4197 1817 4251 397
1856 4197 1922 4251 de
1959 4197 2250 4251 voluntate
2287 4197 2479 4266 populi
2517 4195 2729 4251 attulit.

858 4285 902 4352 ε5)
941 4285 1008 4340 cf.
1049 4302 1191 4353 quae
1230 4285 1296 4339 de
1333 4284 1419 4338 his
1457 4287 1615 4339 rebus
1644 4285 1809 4340 initio
1838 4286 2323 4340 commentationis
2360 4287 2622 4350 diximus3
2659 4304 2711 4340 v.
2751 4285 2923 4339 etiam
2960 4302 3128 4354 supra

670 4396 724 4447 p.
753 4376 850 4430 131
887 4374 1013 4429 adn.
1042 4375 1100 4438 6;
1130 4374 1424 4443 praecipue
1447 4374 1514 4429 cf.
1544 4374 1914 4430 Schoemann:
1945 4376 2240 4444 »Antiqua
2264 4394 2317 4444 p.
2341 4376 2459 4441 100,
2481 4375 2578 4443 qui
2610 4376 2747 4430 haec
2775 4374 2988 4429 dicitz»

670 4465 935 4523 absolutis
973 4463 1382 4519 democratiis„
1406 4506 1419 4519 .
1467 4466 1689 4518 senatus
1738 4465 2041 4519 auctoritas
2092 4468 2192 4519 aut
2237 4465 2395 4519 nulla
2440 4467 2523 4519 est
2569 4467 2668 4518 aut
2705 4415 3051 4518 admodum
3037 4480 3126 4517 ex-

672 4558 808 4627 igua
820 4595 1000 4619 ......
1039 4568 1218 4619 neque
1267 4552 1573 4620 quidquam
1611 4556 1731 4608 tam
1777 4556 1991 4607 certum
2039 4556 2124 4608 est
2170 4554 2568 4622 definitumque
2613 4552 2855 4622 legibus,
2905 4554 2971 4606 ut
3013 4570 3126 4606 non

670 4647 793 4716 plus
832 4644 1039 4710 ubique
1072 4642 1262 4696 valeat
1288 4642 1480 4711 populi
1509 4642 1854 4697 arbitrium«.
1916 4643 2066 4708 Quae
2093 4645 2262 4697 verba
2290 4640 2460 4703 ἀδείας
2488 4645 2749 4696 naturam
2775 4641 3125 4711 potissimum

668 4735 928 4790 videntur
963 4733 1245 4786 illustrare
1285 4733 1358 4794 (v.
1398 4750 1562 4800 supra
1597 4750 1650 4800 p.
1693 4733 1762 4799 7).
1839 4731 1919 4786 Cf.
1958 4732 2196 4800 denique
2244 4733 2434 4786 Perrot
2479 4733 2515 4786 1.
2563 4732 2600 4785 l.
2638 4749 2692 4800 p.
2732 4731 2766 4784 2
2803 4733 2861 4785 et
2899 4731 3024 4784 adn.
3075 4731 3123 4783 1.
