3567 5392
1968 422 2053 485 22

777 615 982 682 ἄδειαν
1029 621 1160 702 περὶ
1205 627 1320 681 τῶν
1369 614 1593 704 ἀτίμων
1639 618 1746 681 καὶ
1791 624 1909 682 τῶν
1958 613 2331 703 ὀφειλόντων,
2346 615 2393 693 ¹)
2438 613 2510 679 id
2538 613 2714 698 quod
2748 614 2943 679 Blass
2982 632 3245 696 quoque

777 723 846 788 in
893 722 1178 789 editione
1224 720 1393 790 infra
1439 728 1684 788 textum
1728 721 1966 807 posuit.
2058 720 2245 799 Quae
2303 741 2447 787 cum
2494 721 2588 786 ita
2635 721 2781 806 sint,
2829 721 2957 786 iam
3008 739 3090 785 ex
3133 718 3246 785 his

780 830 1012 897 verbis·
1041 829 1112 895 id
1159 831 1629 914 comprobatur,
1679 827 1855 911 quod
1884 849 2081 914 supra
2112 828 2421 894 diximus:
2455 828 2928 896 restitutionem
2956 826 3244 892 omnium

782 936 999 1022 capite
1046 934 1534 1021 deminutorum,
1588 955 1717 1001 non
1773 935 1983 1002 solum
2037 935 2399 1001 debitorum
2463 934 2799 1019 fiscalium,
2863 933 2987 999 nisi
3045 932 3242 998 venia

781 1043 939 1109 data
976 1064 1214 1128 rogare
1257 1063 1386 1108 non
1434 1043 1713 1110 licuisse.
1790 1042 2045 1109 Deinde
2091 1050 2307 1109 autem
2356 1042 2589 1110 eadem
2635 1042 2932 1109 dicuntur
2977 1041 3045 1106 in
3089 1040 3248 1124 lege

783 1171 882 1235 ea,
929 1170 1123 1234 quam
1169 1149 1645 1217 Demosthenes
1690 1150 1757 1216 in
1804 1150 2280 1232 Timocratea2)
2326 1156 2660 1234 memorat,
2708 1169 2877 1233 quae
2923 1153 3100 1214 recte
3144 1146 3240 1211 ita

781 1257 1035 1342 incipit:
1110 1259 1259 1345 μηδὲ
1330 1261 1460 1342 περὶ
1523 1269 1641 1322 τῶν
1705 1256 1948 1345 ἀτίμων,
2015 1256 2178 1331 ὅπως
2240 1262 2362 1344 χρὴ
2429 1257 2728 1344 ἐπιτίμους
2793 1253 3011 1328 αὖτοὺς
3073 1252 3245 1333 εἶναι,

783 1363 1016 1448 quibus
1043 1364 1259 1430 verbis
1288 1363 1666 1447 singillatim
1705 1363 2061 1429 adduntur:
2111 1367 2262 1452 μηδὲ
2305 1368 2435 1449 περὶ
2477 1376 2594 1430 τῶν
2640 1362 2999 1452 ὀφειλόντων
3044 1364 3177 1430 κτλ.
3192 1359 3243 1439 ³)

780 1468 965 1535 Idem
1010 1469 1288 1554 denique
1335 1490 1417 1536 ex
1463 1470 1679 1538 verbis
1724 1470 2084 1538 Andocidis
2129 1471 2338 1556 ipsius
2386 1470 2729 1555 colligitur,
2777 1469 2887 1554 qui
2944 1468 3245 1534 omnibus

784 1576 1000 1661 capite
1060 1576 1534 1643 deminutorum
1599 1578 1947 1661 generibus
2013 1577 2405 1646 enumeratis
2462 1576 2569 1662 [de
2623 1583 2814 1662 myst.
2864 1579 2905 1658 ξ
2955 1574 3246 1658 73—76}

782 1681 1229 1769 psephismate
1275 1683 1669 1750 Patroclidis
1726 1704 1953 1751 omnes
2008 1685 2225 1769 capite
2285 1684 2648 1750 deminutos
2704 1682 2896 1751 venia
2951 1679 3243 1766 rogatori

787 1808 1101 1856 concessa
1146 1791 1214 1856 in
1258 1790 1580 1874 integrum
1625 1790 1961 1858 restitutos
2008 1791 2216 1875 esse4)
2265 1790 2472 1857 docet.

959 1898 1098 1962 Iam
1145 1897 1461 1985 exemplis
1516 1898 1843 1965 nonnullis
1910 1918 2007 1983 ea,
2069 1919 2240 1981 quae
2296 1898 2459 1983 dixi,
2512 1898 2873 1964 illustrabo,
2969 1895 3040 1962 Si
3095 1893 3247 1979 quis

781 2009 1107 2070 oratorum
1153 2010 1252 2071 ter
1298 2011 1660 2092 παρανόμων
1690 2006 2023 2074 convictus
2053 2012 2244 2091 essct,
2273 2006 2495 2090 aliqua
2525 2025 2606 2071 ex
2633 2011 2820 2090 parte
2853 2024 2996 2070 eum
3027 2001 3248 2088 capite

783 2110 1180 2177 deminutum
1244 2131 1393 2179 esse
1456 2112 1932 2179 Demosthenes
2008 2113 2125 2195 [LI
2177 2110 2278 2201 12]
2337 2111 2649 2191 narrat35>
2718 2111 2775 2179 si
2828 2110 3248 2178 nihilominus

780 2218 850 2283 in
904 2217 1201 2284 contione
1257 2226 1463 2304 rogat,
1532 2220 1594 2286 ci
1657 2219 1864 2287 ἄδειαν
1930 2219 2153 2285 datam
2227 2240 2376 2287 esse
2450 2239 2722 2286 necesse
2787 2227 2905 2287 est.
3011 2217 3250 2300 Itaque

781 2323 1063 2391 Demadi
1093 2325 1350 2411 oratori,
1384 2326 1504 2410 cui,
1535 2346 1926 2410 quamquam
1955 2326 2169 2413 ἄτιμος
2188 2326 2399 2393 factus
2421 2333 2579 2411 erat,
2599 2332 2817 2392 tamen
2834 2325 3247 2409 rogationem

784 2431 952 2498 ferre
1017 2432 1275 2518 licebat,
1339 2452 1653 2500 concessa
1719 2432 1974 2499 demum
2022 2432 2214 2499 venia
2279 2432 2401 2498 fuit
2464 2431 2741 2517 rogandi
2804 2431 3248 2517 impunitas.⁶)

781 2538 1033 2604 Eodem
1074 2538 1287 2625 modo,
1335 2561 1479 2606 cum
1525 2539 2134 2608 Ps.-Demosthenes
2181 2541 2391 2625 [XXV
2438 2543 2552 2624 30]
2598 2540 2820 2607 liberis
2867 2537 3248 2624 eorum‚,qui

782 2652 989 2711 morte
1033 2646 1241 2732 puniti
1289 2654 1527 2733 essent,
1585 2648 1687 2714 ius
1751 2647 1819 2712 in
1884 2654 2115 2714 senatu
2180 2654 2245 2713 et
2308 2647 2375 2713 in
2442 2647 2741 2714 contione
2804 2644 3065 2713 dicendi
3127 2644 3245 2712 ad-

786 2759 1070 2839 emptum
1126 2751 1329 2821 fuisse
1387 2752 1655 2839 referat,
1709 2774 1793 2819 ne
1847 2753 1950 2822 his
2006 2753 2266 2839 quidem
2320 2755 2585 2842 ἐπιτιμία
2646 2754 2774 2820 nisi
2827 2753 3021 2820 venia
3084 2752 3249 2818 data

784 2859 1037 2926 restitui
1083 2861 1313 2946 potuit.
1328 2861 1379 2944 ⁷)
1435 2862 1734 2945 Denique
1781 2862 1910 2948 qui,
1958 2883 2101 2929 cum
2148 2883 2189 2928 a
2234 2862 2398 2928 locis
2446 2861 2834 2946 quibusdam
2860 2881 2979 2946 per
3006 2860 3251 2947 capitis

786 2966 1114 3051 quandam
1179 2966 1682 3035 deminutionem
1746 2977 2117 3055 arceantur,
2186 2990 2266 3035 ca
2322 2975 2540 3048 tamen
2596 2968 2920 3054 adierunt,
2975 2988 3092 3053 per
3148 2970 3249 3035 ἔν-
3297 2964 3335 3060 Ἀ

787 3073 1020 3160 δειξινθ)
1076 3073 1164 3139 ad
1222 3075 1691 3143 thesmothetas
1703 3076 1754 3161 ⁹)
1812 3076 2188 3145 deferuntur
2260 3082 2373 3141 aut
2438 3075 2523 3141 ab
2588 3073 3047 3141 undecimviris
3114 3080 3248 3154 (ca-

978 3268 1015 3336 ¹)
1055 3271 1120 3326 cf.
1161 3270 1302 3324 And.
1342 3270 1409 3325 de
1445 3274 1610 3339 myst.
1651 3272 1681 3338 ἓ
1722 3271 1806 3339 78,
1846 3273 1944 3327 ubi
1982 3269 2027 3323 οἱ
2066 3269 2232 3342 ἄτιμοι
2268 3275 2324 3328 et
2362 3268 2408 3322 οἱ
2445 3268 2723 3341 ὀφείλοντες
2771 3271 3050 3326 coniuncti
3095 3274 3252 3336 sunt;

785 3360 1030 3430 Lipsius.
1074 3360 1224 3415 »Att.
1261 3357 1476 3414 Proc.²«
1451 3378 1570 3429 «.p
1610 3362 1714 3415 992
1751 3362 1878 3418 adn.
1917 3363 2039 3417 633.

970 3447 1218 3516 ²)§453
1255 3467 1306 3503 v.
1346 3466 1600 3519 suprap
1639 3451 1725 3506 20.

971 3536 1014 3599 ⁸)
1052 3538 1118 3591 In
1154 3538 1333 3592 altera
1370 3538 1593 3606 quidem
1630 3539 1875 3594 eiusdem
1912 3540 2053 3609 legis
2089 3544 2247 3609 parte
2287 3540 2463 3607 [Dem.
2500 3540 2682 3594 XXIV
2721 3537 2813 3605 50]
2863 3538 2930 3592 de
2979 3536 3107 3590 solis
3154 3536 3247 3589 de-

783 3628 1056 3683 bitoribus
1092 3627 1368 3682 fiscalibus
1407 3628 1614 3697 agitur,
1653 3629 1749 3682 sed
1795 3629 1856 3683 id
1902 3628 2046 3682 nihil
2093 3629 2262 3684 habet
2310 3627 2646 3693 offensionis,
2695 3646 2822 3702 curn
2868 3628 3108 3681 oratores
3154 3640 3250 3678 eos

787 3720 1014 3773 tantum
1051 3716 1196 3771 locos
1231 3717 1422 3787 legum
1457 3717 1832 3784 recitaverint,
1871 3717 1969 3787 qui
2007 3718 2119 3772 suis
2156 3717 2398 3772 consiliis
2426 3717 2692 3772 servirent
2730 3717 2806 3784 (v.
2835 3715 2983 3771 infra
3009 3733 3050 3769 s.
3070 3713 3153 3767 III
3170 3710 3246 3780 3).

970 3803 1015 3873 ⁴)
1051 3805 1118 3859 cf.
1149 3804 1506 3860 Caillemerl.
1534 3807 1662 3860 1.—
1680 3807 1761 3861 De
1799 3807 2012 3862 Solonis
2048 3808 2190 3878 lege,
2228 3824 2372 3876 quae
2407 3807 2832 3862 fundamentum
2857 3802 3251 3876 psephismatis

787 3913 823 3951 a
859 3893 1169 3949 Patroclide
1204 3894 1409 3964 perlati
1432 3895 1559 3961 fuit,
1588 3896 1654 3950 cf.
1694 3896 1842 3951 Plut.
1883 3896 1991 3951 Sol.
2029 3897 2174 3950 XIX.

970 3981 1015 4049 ⁸)
1052 4001 1105 4037 V.
1142 3983 1336 4038 Meieri
1374 3985 1814 4041 emendationem
1850 3985 2015 4040 huius
2051 3986 2183 4041 loci.
2228 3986 2326 4041 »de
2352 3987 2477 4041 bon.
2508 3986 2720 4042 damus
2695 4004 2806 4055 ‹.p
2840 3986 2941 4040 130
2968 3987 3082 4038 not.
3111 3982 3247 4048 435;

787 4074 856 4128 cf.
895 4072 1265 4128 Schocmann:
1309 4074 1433 4129 »Gn
1473 4075 1708 4130 Altera«
1747 4075 1776 4128 Ι
1813 4076 1945 4141 362;
1994 4075 2211 4130 Gilbert
2246 4075 2285 4130 l.
2324 4076 2359 4130 l.
2406 4076 2434 4129 1
2480 4075 2585 4130 285
2630 4078 2744 4130 not.
2790 4077 2845 4141 1;
2883 4074 3078 4128 Busolt
3120 4074 3159 4128 l.
3206 4073 3244 4127 l.

787 4163 820 4229 ἓ
864 4162 962 4217 158
998 4181 1051 4232 p.
1092 4164 1214 4217 143.

975 4251 1019 4319 ⁶)
1056 4252 1123 4307 cf.
1162 4252 1311 4307 Plut.
1352 4252 1513 4308 Phoc.
1554 4252 1769 4318 XXVI;
1809 4256 2001 4308 contra
2046 4253 2111 4308 cf.
2162 4253 2437 4309 orationes
2482 4253 2950 4309 Ps.-Demosthen.
2996 4250 3152 4306 XXV
3188 4254 3250 4307 et

787 4342 986 4409 XXVI,
1025 4341 1226 4411 quibus
1252 4341 1617 4412 Aristogiton,
1656 4342 1771 4411 qui,
1811 4360 2154 4412 quamquam
2191 4339 2365 4414 ἄτιμος
2393 4346 2533 4409 erat,
2570 4344 2760 4397 tamen
2795 4341 2945 4412 apud
2979 4342 3249 4410 populum

786 4433 957 4487 verba
990 4431 1213 4496 fecerat,
1252 4430 1554 4501 παρανόμων
1592 4436 1900 4487 accusatur.

972 4516 1014 4585 ⁷)
1053 4520 1119 4574 cf.
1157 4519 1330 4574 Meier
1364 4520 1401 4573 l.
1439 4520 1474 4574 l.
1515 4538 1568 4589 Ρ.
1613 4520 1728 4576 136.

776 4650 779 4651 ⁷
858 4652 883 4689 ,ς
972 4606 1016 4675 ⁸)
1052 4609 1120 4664 cf.
1156 4609 1296 4665 Poll.
1331 4609 1468 4663 VIII
1503 4611 1590 4665 50.

973 4695 1016 4766 ⁹)
1055 4698 1123 4754 cf.
1161 4698 1301 4752 Poll.
1337 4698 1473 4753 VIII
1508 4699 1580 4754 86
1590 4721 1605 4765 ;
1642 4716 1694 4756 v.
1733 4699 1802 4754 de
1836 4700 1943 4755 hoc
1977 4699 2095 4755 loco
2132 4699 2384 4755 Platner:
2427 4700 2608 4756 ›Proc.
2647 4719 2702 4755 u.
2737 4701 2987 4771 Klagem
3063 4703 3091 4756 Ι
3126 4699 3254 4755 432.
