3567 5392
1914 385 1951 446 8

708 574 927 641 dabat.
1016 575 1244 661 Itaque
1310 576 1480 661 olim,
1545 576 1697 642 dum
1754 578 2146 663 populiscita
2201 578 2459 662 legibus
2515 583 2915 664 eoeroentur,
2961 578 3165 645 multo

706 681 918 747 rarius
966 689 1159 766 quam
1211 683 1678 768 posterioribus
1724 685 2133 769 temporibus,
2190 685 2421 768 quibus
2478 684 2694 749 omnia
2761 684 2897 750 fere
2960 704 3167 770 penes

707 788 1015 873 populum
1057 798 1241 855 erant
1269 797 1335 856 et
1371 810 1451 856 ex
1479 790 1681 856 libero
1712 791 1853 857 eius
1883 792 2148 857 arbitrio
2175 790 2437 876 fiebant,
2483 792 2587 858 ius
2616 791 2873 875 gratiae
2902 790 3165 859 dandae

706 895 1015 979 populum
1060 895 1545 962 Atheniensium
1593 899 1963 965 exercuisse
2006 899 2358 966 verisimile
2407 906 2526 966 est.

890 1108 1023 1175 Sed
1068 1109 1201 1175 iam
1254 1109 1618 1196 videamus,
1673 1111 1907 1194 quibus
1960 1113 2028 1178 in
2069 1112 2274 1180 'rebus
2328 1112 2434 1179 vel
2499 1112 2734 1196 quibus
2797 1111 3165 1177 hominibus

706 1216 1080 1300 petentibus
1126 1215 1242 1281 illa
1287 1216 1521 1302 gratia,
1565 1237 1760 1300 quam
1808 1217 2161 1284 seeundum
2203 1219 2307 1286 ius
2352 1219 2681 1305 publieum
2726 1220 3164 1284 Romanorum

704 1322 1022 1388 vocabulo
1068 1322 1395 1408 privilegii
1440 1323 1811 1407 significare
1856 1324 2053 1391 lieeat
2097 1346 2418 1410 quamque
2465 1346 2584 1393 nos
2614 1326 2858 1393 recenti
2903 1324 3165 1391 nomine

714 1427 1223 1507 „lndemnitaet“
1245 1432 1291 1511 ¹)
1338 1450 1667 1511 vocamus,
1718 1431 1877 1497 data
1922 1432 2026 1499 sit.

884 1572 973 1639 Ut
1017 1573 1246 1658 paucis
1293 1593 1427 1639 rem
1482 1574 1902 1659 complectar:
1953 1573 2181 1640 Ἀδεια
2241 1573 2312 1640 id
2373 1574 2784 1661 privilegium
2850 1579 2967 1658 est,
3033 1592 3161 1658 quo

705 1679 1006 1766 populus,
1053 1701 1257 1766 penes
1304 1700 1493 1764 quem
1540 1701 1789 1747 summa
1842 1688 2137 1766 potestas
2194 1688 2309 1766 est,
2364 1681 2432 1746 in
2485 1681 2765 1746 maximo
2827 1680 3161 1747 eomitiatu

709 1786 979 1854 oeeultis
1025 1786 1362 1871 suffragiis
1408 1793 1523 1853 aut
1565 1788 1854 1872 rogatori
1900 1788 2257 1872 rogationis
2304 1787 2581 1854 alieuius
2639 1786 2975 1873 ferendae,
3033 1806 3165 1871 qua

708 1900 822 1959 aut
865 1898 937 1960 τὸ
981 1898 1185 1980 ’κὺριον
1233 1900 1346 1959 aut
1391 1899 1458 1961 τὸ
1502 1902 1705 1961 κοινόν
1760 1895 1894 1977 (vel
1948 1895 2166 1981 potius
2222 1895 2546 1962 aerarium
2601 1900 2666 1962 et
2718 1894 3048 1980 publicum
3103 1900 3171 1960 et

711 2002 991 2093 sacrum)
1039 2000 1329 2087 violetur,
1377 2008 1490 2067 aut
1535 2001 1664 2086 ipsi
1707 2002 1935 2068 harum
1982 2022 2195 2069 rerum
2237 2002 2539 2068 violatori
2575 2002 2834 2068 veniam
2872 2002 3010 2068 sive
3047 2001 3163 2066 im—

704 2108 1066 2193 punitatem
1112 2108 1428 2175 eonoedit.
1519 2110 1747 2193 Itaque
1793 2106 1864 2173 id
1908 2108 2322 2194 privilegium
2368 2128 2622 2195 semper
2678 2107 2998 2176 eiusmodi
3044 2113 3161 2193 est,

708 2220 780 2280 ut
845 2215 990 2299 quis
1055 2216 1334 2299 gratiam
1398 2221 1511 2281 aut
1575 2216 1701 2283 sibi
1765 2223 1880 2281 aut
1944 2216 2135 2281 alteri
2195 2224 2436 2300 rog'ans
2511 2216 2604 2282 rei
2675 2215 2978 2301 publieae
3051 2220 3167 2280 aut

707 2342 1022 2408 summam
1066 2328 1457 2407 potestatem
1503 2322 1863 2389 violaturus
1908 2330 2023 2388 aut
2095 2343 2254 2408 opes
2317 2322 2655 2407 illegitime
2720 2321 3165 2387 deminuturus

708 2427 816 2496 sit.
923 2429 1267 2513 Nunquam
1327 2449 1481 2495 vero
1545 2429 1745 2496 ἄδειαν
1813 2427 1956 2495 dari
2018 2418 2289 2496 neeesse
2351 2429 2474 2495 suit
2538 2427 2627 2494 ad
2682 2449 2763 2495 ea
2817 2428 3166 2513 privilegia

707 2534 1079 2619 irroganda,
1126 2556 1294 2620 quae
1338 2537 1629 2622 praemia
1676 2542 1862 2603 erant
1917 2542 1981 2602 et
2033 2536 2296 2603 honoris
2343 2556 2546 2602 eausa
2593 2535 2936 2602 dabantur.
3035 2534 3171 2599 Sua

708 2641 909 2725 igitur
936 2649 1168 2708 natura
1199 2643 1363 2709 haee
1398 2643 1744 2730 privilegia
1772 2643 1957 2728 leges
1993 2642 2256 2727 violant,
2295 2643 2534 2728 quippe
2567 2662 2736 2727 quae
2777 2649 2842 2708 et
2869 2646 2940 2707 τὸ
2970 2644 3170 2726 κὺριον

704 2748 1086 2817 inviolabile
1180 2757 1245 2817 et
1325 2756 1395 2817 τὸ
1466 2758 1665 2817 κοινόν
1752 2751 2075 2835 integrum
2159 2749 2483 2817 servanda
2577 2758 2818 2816 curent.
2957 2747 3168 2814 Venia

711 2862 929 2923 autem
976 2862 1041 2921 et
1085 2858 1467 2943 impunitate
1522 2879 1563 2923 a
1616 2858 1860 2944 populo
1908 2857 2066 2923 data
2124 2864 2390 2942 rogator
2452 2877 2701 2943 poenas
2766 2876 2846 2922 ex
2909 2856 3168 2939 legibus

702 2962 839 3028 illis
886 2964 1266 3031 constitutas
1311 2985 1440 3030 non
1483 2964 1629 3051 luit,
1676 2966 1915 3049 itaque,
1971 2964 2097 3030 nisi
2153 2971 2330 3030 eerta
2388 2983 2602 3049 poena
2656 2964 2995 3049 proposita
3051 2967 3169 3047 est,

709 3068 841 3154 illa,
890 3091 1082 3154 quam
1130 3070 1367 3137 Graeci
1411 3076 1650 3161 γραφὴν
1697 3078 2062 3159 παρανόμων
2109 3078 2361 3156 vocant,
2419 3070 2591 3137 aetio
2638 3069 2969 3136 iudicialis
3023 3088 3169 3154 pro-

702 3176 982 3262 hibetur,
1030 3179 1134 3244 oui
1179 3197 1401 3244 omnes
1447 3177 1828 3263 illegitimae
1874 3180 2248 3263 rogationes
2296 3179 2625 3244 subiectae
2673 3183 2838 3261 sunt,
2895 3181 3008 3241 aut
3052 3175 3169 3242 ille

709 3303 958 3370 poenas
1013 3306 1142 3350 non
1198 3285 1394 3371 subit,
1460 3286 1719 3371 quibus,
1777 3286 1835 3352 si
1889 3285 2058 3350 ἄδεια
2114 3285 2272 3351 data
2326 3305 2457 3350 non
2512 3292 2712 3368 esset,
2777 3282 3164 3349 afficeretur.

702 3392 841 3477 Eis,
889 3393 1120 3475 quibus
1165 3392 1341 3458 ἄδεια
1387 3391 1542 3458 data
1570 3413 1699 3459 non
1728 3400 1846 3478 est,
1876 3413 2074 3478 saepe
2103 3392 2275 3458 aetio
2312 3391 2628 3457 acerrima
2665 3390 2906 3465 ἔνδειξις
2943 3390 3165 3474 instat,

706 3500 779 3564 in
836 3518 965 3582 qua
1031 3499 1415 3585 supplicium
1471 3500 1874 3585 propositum
1930 3520 2077 3567 esse
2141 3499 2421 3583 solebat,
2487 3518 2741 3583 semper
2795 3503 3013 3563 autem
3065 3516 3167 3561 ro-

710 3611 973 3690 gatores
1019 3613 1381 3693 παρανόμων
1441 3626 1753 3673 aeeusare
1820 3606 1989 3686 lieet,
2055 3607 2156 3672 oui
2219 3605 2461 3672 actioni
2524 3605 2897 3689 rogationes
2952 3604 3159 3689 ipsae,

706 3712 970 3779 etiamsi
997 3720 1263 3797 rogator
1300 3712 1747 3798 impunitatem
1785 3720 2017 3780 naetus
2053 3712 2555 3797 rogationesque
2590 3711 2887 3798 perlatae
2930 3717 3170 3794 essent,

711 3840 968 3905 semper
1040 3820 1360 3885 obnoxiae
1433 3826 1832 3904 manserunt,
1905 3820 2097 3904 siout,
2161 3827 2233 3885 ut
2297 3818 2605 3902 analogia
2670 3823 2843 3903 utar,
2907 3821 3176 3900 rogator

707 3926 975 4012 quidem
1017 3927 1206 3993 unius
1254 3927 1563 4011 cuiusque
1607 3927 2072 4013 psephismatis
2117 3933 2370 3992 tantum
2413 3946 2531 4011 per
2575 3944 2857 3991 annuum
2912 3930 3169 4008 tempus

709 4046 912 4123 γραφῇ
959 4042 1324 4123 παρανόμων
1382 4036 1709 4102 subiectus
1763 4034 1909 4131 fuit,
1968 4033 2087 4102 sed
2141 4034 2394 4118 rogatio
2449 4033 2596 4118 ipsa
2650 4038 2963 4118 perpetuo
3021 4029 3167 4096 sub-

709 4143 885 4208 iecta
929 4142 1245 4220 mansit.²)
2849 4164 2855 4170 ·

893 4317 941 4381 ι)
977 4319 1043 4375 ef.
1082 4320 1329 4375 Boeokh:
1371 4319 1483 4376 »St
1522 4319 1572 4374 d.
1613 4319 1776 4375 Am«
1818 4320 1872 4373 Π
1907 4319 2003 4385 41;
2036 4280 2282 4388 Lipsius:
2325 4320 2476 4374 »Ata
2515 4314 2729 4372 prosu
2776 4334 2830 4387 p.
2868 4316 2993 4371 991.

893 4426 941 4496 ²)
978 4429 1175 4497 Itaque
1211 4427 1287 4495 id,
1326 4428 1474 4496 quod
1517 4428 1759 4483 Valeton
1805 4426 2093 4495 (Mnemos.
2141 4445 2198 4482 n.
2236 4444 2277 4482 s.
2314 4425 2420 4480 XV
2453 4424 2646 4492 (1887)
2683 4442 2738 4495 p.
2774 4424 2809 4479 5
2844 4425 2903 4478 et
2939 4422 3069 4479 adn.
3109 4420 3171 4488 1)

709 4517 936 4588 putavit
971 4517 1172 4589 γραφὴν
1210 4515 1513 4588 παρανόμων
1549 4535 1660 4572 non
1695 4515 1985 4581 suffecisse,
2022 4515 2361 4573 reiciendum
2396 4517 2549 4584 put0.
2614 4514 2825 4569 Causae
2849 4513 3019 4567 enim
3054 4510 3165 4566 viri

712 4608 861 4663 docti
898 4626 1106 4678 magna
1142 4625 1210 4663 ex
1253 4610 1414 4678 parte
1459 4606 1730 4662 eiusmodi
1775 4605 2002 4675 quidem
2051 4607 2199 4672 sunt,
2245 4606 2311 4658 ut
2365 4601 2547 4659 afferri
2600 4601 2828 4672 possint,
2885 4619 2983 4656 eur
3030 4600 3173 4654 haee

709 4697 857 4753 aetio
893 4714 1005 4753 non
1040 4698 1285 4768 perfecta
1320 4696 1604 4751 institutio
1640 4694 1898 4750 habenda
1933 4695 2024 4761 sit,
2062 4694 2158 4751 sed
2190 4692 2395 4764 γραφὴν
2421 4689 2724 4762 παρανόμων
2754 4709 2865 4747 non
2892 4688 3170 4745 suffecisse
