3567 5392
1615 419 1735 481 117

441 609 703 693 publico
747 611 960 675 Attico
996 631 1299 677 numerus
1339 611 1542 677 fuisse
1578 611 1896 695 videntur,
1944 612 2175 694 quibus
2230 613 2429 678 totius
2475 614 2699 699 populi
2757 615 2900 680 loco

439 736 759 781 summam
806 723 1195 801 potestatem
1244 738 1545 784 exercere
1593 719 1796 784 licuit.
1891 718 1975 782 At
2018 717 2160 783 fieri
2205 719 2431 804 potuit,
2490 726 2560 784 ut
2623 721 2798 786 cives
2845 741 2900 786 e.

439 844 502 889 c.
550 823 619 887 in
666 823 1049 889 ostracismo
1099 823 1398 890 habendo
1448 824 1530 889 de
1579 825 1736 909 cive,
1785 825 1895 908 qui
1941 824 2333 908 relegandus
2382 832 2574 901 esset,
2612 826 2780 893 inter
2827 848 2900 893 se

368 943 381 955 ·
442 929 864 994 dissentirent
920 931 1319 1014 aliorumque
1378 932 1492 996 alii
1542 932 1881 998 sententiis
1930 931 2311 1016 dicerentur,
2365 933 2458 997 ita
2505 933 2781 1018 quidem,
2829 941 2901 999 ut

443 1056 648 1120 parva
696 1037 1148 1120 suffragiorum
1195 1058 1349 1123 pars
1397 1038 1485 1103 ad
1531 1039 1692 1104 civis
1739 1039 2015 1104 alicuius
2050 1040 2519 1122 relegationem
2556 1040 2900 1106 sufficeret.

446 1143 678 1208 Verum
726 1143 795 1207 id
845 1165 886 1208 a
933 1146 1203 1211 consilio
1242 1145 1591 1211 Clisthenis
1638 1145 1974 1210 abhorruit
2020 1153 2085 1210 et
2129 1147 2595 1230 posterioribus
2643 1147 2899 1213 demum

443 1250 860 1334 temporibus,
881 1252 1114 1334 quibus
1147 1252 1444 1335 singulae
1472 1252 1696 1337 populi
1724 1260 1948 1336 partes
1981 1253 2359 1318 ostracismo
2389 1254 2836 1337 abutebantur,
2853 1257 2898 1336 ¹)

444 1355 621 1421 haud
642 1357 775 1422 scio
798 1378 882 1421 an
901 1378 1047 1423 raro
1070 1358 1412 1441 acciderit,
1435 1358 1601 1425 sicut
1622 1366 1840 1424 autem
1860 1359 2200 1441 legislator
2219 1379 2347 1423 non
2365 1359 2722 1445 impedivit,
2742 1361 2896 1443 quin

437 1470 677 1528 natura
715 1465 1078 1530 ostracismi
1115 1472 1485 1543 mutaretur,
1502 1465 1548 1542 2)
1585 1466 1680 1529 ita
1715 1464 1854 1529 fieri
1896 1465 2122 1549 potuit,
2148 1472 2220 1529 ⁴ut
2255 1466 2505 1531 ratione
2535 1467 2900 1532 ostracismi

443 1570 727 1635 habendi
775 1571 1092 1655 paulatim
1136 1571 1307 1636 male
1355 1592 1434 1636 ac
1478 1591 1783 1656 perverse
1840 1578 2168 1637 uterentur
2224 1572 2672 1639 Athenienses,
2762 1573 2898 1639 Fac

441 1685 678 1761 autem,
712 1699 973 1762 quaes0,
1004 1699 1119 1743 sex
1148 1679 1327 1744 milia
1358 1679 1591 1744 civium
1624 1679 2159 1745 consentientium
2180 1700 2341 1764 opus
2360 1680 2670 1745 fuisse'ad
2692 1682 2895 1746 civem

446 1784 894 1867 relegandum,
928 1784 1101 1867 quod
1130 1786 1187 1851 si
1214 1807 1436 1852 verum
1467 1792 1658 1869 esset,
1690 1786 2028 1851 sententiis
2046 1786 2114 1850 in
2132 1786 2350 1851 varios
2371 1787 2546 1853 cives
2568 1786 2898 1852 distractis

443 1899 540 1956 tot
585 1892 874 1958 homines
914 1893 979 1957 in
1019 1893 1400 1976 suffragium
1427 1892 1521 1957 ire
1549 1912 1821 1958 necesse
1852 1893 2054 1958 fuisse
2084 1892 2493 1958 statuendum
2524 1900 2716 1976 esset,
2745 1900 2900 1976 quot

443 2019 593 2063 num
632 2000 896 2083 saepius
934 2000 1000 2064 in
1042 2000 1319 2066 comitiis
1349 1999 1693 2083 adfuerint,
1734 1999 2014 2064 dubitari
2045 2006 2277 2084 potest.
2351 1999 2548 2083 Atqui
2579 2021 2705 2065 non
2750 2021 2897 2065 raro

445 2106 827 2171 ostracismo
859 2107 1035 2172 cives
1070 2106 1374 2191 expulsos
1423 2127 1572 2172 esse
1610 2106 1883 2171 Athenis
1933 2107 2282 2190 scriptores
2328 2107 2608 2172 tradunt.
2683 2106 2899 2184 Quare

432 2232 664 2277 -verum
692 2212 1038 2278 Clisthenis
1072 2214 1412 2279 consilium
1443 2213 1561 2278 fuit
1595 2213 1680 2296 id,
1701 2221 1772 2278 ut
1801 2213 1860 2279 is
1899 2214 2060 2279 civis
2099 2251 2183 2260 —-
2226 2215 2544 2296 agebatur
2571 2223 2785 2279 autem
2817 2214 2899 2279 de

441 2339 591 2403 uno,
646 2320 755 2384 ubi
813 2320 1156 2404 plurimum
1214 2319 1297 2385 de
1354 2319 1604 2386 duobus
1663 2318 2046 2403 demagogis
2094 2357 2179 2367 —
2226 2321 2651 2404 relegaretur,
2709 2341 2899 2403 quem

440 2426 674 2490 maiori
732 2428 901 2510 parti
962 2447 1185 2492 senum
1230 2427 1475 2492 milium
1523 2427 1803 2510 relegari
1848 2427 2155 2511 placeret,
2205 2428 2305 2492 sin
2351 2427 2554 2511 aliter,
2606 2426 2899 2510 suffragii

435 2533 604 2597 *latio
632 2534 813 2598 irrita
844 2540 1037 2600 esset.
1096 2533 1285 2610 Quod
1317 2555 1399 2600 ex
1425 2535 1508 2599 iis
1539 2554 1762 2600 senum
1789 2534 2032 2598 milium
2056 2533 2383 2617 suffragiis
2402 2541 2600 2620 patet,
2622 2555 2790 2617 quae
2811 2533 2898 2598 ad

441 2661 640 2705 unum
686 2640 1008 2705 hominem
1055 2641 1457 2725 spectabant,
1519 2649 1584 2706 et
1629 2661 1709 2705 ex
1757 2641 2042 2706 civitatis
2087 2639 2395 2706 videlicet
2441 2639 2790 2706 donatione
2836 2648 2901 2705 et

446 2767 529 2811 ex
574 2747 977 2832 impunitatis
1025 2746 1306 2814 datione.
1399 2747 1656 2812 Deinde
1702 2747 1772 2811 id
1821 2767 2092 2829 quoque,
2150 2746 2322 2829 quod
2368 2747 2647 2812 Valeton
2705 2767 2902 2832 oppo-

444 2853 592 2937 suit,
641 2862 841 2918 totam
888 2874 1022 2918 rem
1070 2854 1422 2920 absurdam
1469 2854 1690 2937 fuisse,
1738 2854 1794 2917 si
1843 2873 1971 2936 qua
2018 2874 2171 2938 pars
2202 2849 2242 2918 a
2275 2853 2587 2936 suffragio
2633 2853 2898 2920 ferendo

445 2981 519 3026 se
574 2961 1013 3044 abstinuisset,
1067 2960 1306 3026 nullius
1362 2961 1666 3025 momenti
1732 2959 1988 3024 videtur
2054 2979 2217 3043 esse,
2282 2980 2424 3025 cum
2486 2959 2555 3024 id
2622 2968 2686 3024 et
2748 2960 2897 3043 lege

446 3067 854 3133 interdictum
924 3087 1073 3134 esse
1127 3089 1337 3150 neque
1391 3088 1513 3132 usu
1567 3066 1828 3133 venisse
1885 3065 2182 3149 equidem
2241 3068 2618 3135 existimem.
2713 3066 2898 3144 Quae

431 3195 591 3247 ,cum
637 3175 731 3238 ita
779 3174 923 3258 sint,
973 3174 1288 3258 sequitur,
1346 3182 1417 3239 ut
1462 3175 1661 3240 verba
1707 3174 1850 3250 illa,
1910 3173 1992 3238 de
2049 3174 2280 3256 quibus
2343 3173 2535 3240 modo
2604 3173 2901 3257 disserui,

444 3281 841 3365 significent:
896 3281 1062 3360 „nisi
1108 3281 1339 3346 maiori
1383 3281 1558 3365 parti
1605 3301 1723 3347 sex
1768 3281 2012 3345 milium
2070 3280 2304 3345 civium
2363 3281 2617 3346 occulta
2674 3279 2900 3345 suffra-

445 3389 559 3470 gia
604 3388 943 3454 ferentium
989 3387 1059 3452 id
1103 3388 1546 3473 placuerit“.³)

627 3513 757 3577 Sed
805 3511 891 3576 ad
937 3534 1073 3578 rem
1119 3513 1332 3598 ipsam
1375 3520 1800 3578 transeamus.

625 3637 697 3702 In
752 3658 1017 3702 numero
1076 3644 1465 3726 ψηφισμάτων
1519 3637 1608 3703 ἐπ’
1669 3634 1838 3723 ἀνδρί
1898 3659 1979 3718 ex
2033 3638 2173 3702 iure
2226 3634 2443 3702 Attico
2499 3637 2662 3703 haec
2729 3644 2901 3703 sunt:

447 3745 683 3809 civitas
728 3745 1091 3828 peregrinis
1140 3744 1447 3809 donanda
1479 3746 1890 3833 1(πολι«ιτιεία),”ι>
1939 3744 2253 3828 relegatio
2300 3764 2417 3829 per
2453 3745 2903 3810 ostracismum

633 4010 673 4075 ¹)
711 4012 774 4064 V.
816 4030 981 4080 supra
1016 4031 1069 4081 p.
1116 4014 1195 4066 13.

631 4117 677 4185 ²)
715 4137 765 4171 v.
805 4118 937 4172 ibid.

630 4222 674 4291 ⁸)
712 4226 958 4279 Eandem
1003 4227 1334 4281 sententiam
1382 4227 1578 4295 probat
1624 4225 1843 4279 Busolt:
1900 4225 2023 4294 &Gn
2072 4224 2217 4277 A1t.‹
2262 4224 2292 4290 ξ
2337 4224 2437 4277 135
2474 4241 2527 4292 p.
2573 4225 2687 4277 121.
2727 4224 2757 4290 ἓ
2802 4226 2903 4278 190

441 4332 498 4383 Ρ.
544 4316 657 4368 172.

435 4468 439 4473 ,
629 4420 672 4487 ⁴)
713 4421 972 4477 Civitatis
1010 4421 1235 4476 donatio
1279 4421 1340 4476 in
1388 4421 1826 4490 psephismatum
1872 4420 2151 4489 privorum
2207 4436 2434 4472 numero
2492 4423 2591 4484 est,
2649 4437 2778 4473 cum
2832 4419 2902 4473 ad

458 4528 583 4565 eam
620 4511 755 4566 haec
790 4511 931 4580 legis
966 4511 1137 4565 verba
1170 4510 1512 4579 pertineant:
1552 4508 1638 4560 ἐὰν
1676 4509 1753 4579 μὴ
1793 4507 2151 4579 ψηφισαμένων
2189 4507 2267 4578 μὴ
2312 4503 2518 4558 ἔλαττον
2567 4504 2917 4576 ἑξακισχιλίων

457 4597 566 4651 κτλ.
606 4598 700 4668 (cf.
739 4601 1001 4665 Mnemos.
1040 4618 1095 4654 n.
1133 4617 1172 4652 s.
1212 4599 1315 4652 XV
1352 4617 1404 4668 p.
1436 4599 1507 4665 8).
1572 4599 1679 4652 Illa
1716 4598 1864 4652 enim
1902 4601 1966 4652 ut
2002 4597 2124 4666 ipsa
2161 4593 2304 4646 ἄδεια
2339 4614 2439 4666 per
2474 4613 2665 4651 senum
2700 4595 2923 4649 milium

456 4689 723 4759 susti-agia
759 4692 886 4743 rata
923 4692 1007 4744 est
1042 4689 1193 4743 facta
1230 4687 1318 4756 (cf.
1356 4688 1617 4741 Mnemos.
1655 4688 1691 4742 l.
1730 4688 1767 4742 1.
1806 4705 1860 4756 p.
1903 4688 1969 4740 14
2006 4686 2131 4740 adn.
2171 4686 2240 4753 2).
