3567 5392
1557 393 1685 459 135

393 610 589 674 quam
639 589 764 656 etsi
808 589 878 654 in
922 588 1117 654 rebus
1165 587 1573 672 gravissimis
1622 587 1900 654 delatori
1947 588 2166 654 statim
2212 588 2301 654 ad
2332 589 2642 675 populum
2657 590 2705 673 1)
2737 589 2845 655 de·

385 695 553 763 ferre
599 696 856 782 licuit‚²)
905 701 1124 762 tamen
1170 696 1402 780 contio,
1432 715 1578 761 cum
1612 693 1993 777 εἰσαγγελίαν
2019 696 2402 780 accepisset,
2430 695 2519 761 ad
2547 702 2847 762 senatum

384 804 713 888 reiciebat,
761 803 872 887 qui
916 802 1408 888 probuleumate
1454 822 1589 869 rem
1649 801 2082 888 instrueret.⁸)
2173 802 2387 887 Atque
2443 803 2639 869 etiam
2693 825 2846 888 προ-

382 912 569 995 βολάς
612 910 682 976 in
727 910 1023 994 comitiis,
1071 929 1241 993 quae
1288 930 1369 976 ex
1414 909 1562 993 lege
1606 908 1675 974 in
1734 909 1977 994 templo
2023 910 2302 995 Dionysi
2355 909 2837 994 habebantur,⁴)

387 1037 504 1103 per
549 1018 731 1101 ipsos
775 1024 1089 1102 prytanes
1135 1016 1224 1083 ad
1283 1016 1592 1102 populum
1648 1016 1907 1083 delatas
1963 995 2112 1084 esse
2165 1017 2270 1083 lex
2317 1038 2359 1084 a
2404 1017 2843 1084 Demosthene

385 1125 569 1209 [XXI
589 1125 653 1209 8]
703 1130 1202 1189 commemorata
1249 1121 1730 1210 demonstrat.⁵)

565 1230 709 1296 Hoc
754 1231 954 1314 igitur
999 1231 1222 1314 utique
1274 1230 1533 1296 videtur
1585 1229 1775 1296 nobis
1822 1229 2187 1315 tenendum,
2238 1231 2619 1317 supplicem,
2666 1236 2845 1297 ante·

382 1357 576 1421 quam
620 1338 823 1404 verba
869 1336 1116 1404 faceret
1177 1338 1248 1403 in
1311 1337 1609 1417 comitiis,
1678 1344 1976 1403 senatum
2039 1336 2224 1404 adire
2286 1357 2557 1406 necesse
2621 1336 2844 1421 fuisse,

384 1464 553 1529 quae
601 1445 925 1510 sententia
972 1453 1036 1511 et
1082 1443 1484 1532 ὀστρακισμοῦ
1533 1450 1597 1510 et
1641 1446 1944 1519 πολιτείας
1990 1445 2473 1531 comparatione
2517 1445 2846 1530 probatur.

564 1552 793 1635 Neque
856 1552 1024 1617 enim
1082 1552 1366 1617 dubitari
1418 1558 1665 1637 potest,
1729 1552 1886 1635 quin
1941 1551 2139 1617 etiam
2193 1552 2262 1617 in
2304 1553 2733 1639 ἐπιχειροτονίᾳ
2778 1552 2846 1617 in

390 1659 601 1743 prima
638 1666 866 1725 sextae
893 1661 1239 1744 prytaniae
1276 1659 1576 1725 contione
1612 1658 1837 1724 habita
1875 1678 1917 1723 a
1944 1667 2175 1724 senatu
2202 1662 2618 1746 προβοὺλευμα
2646 1678 2846 1744 saepe

383 1765 579 1830 certis
628 1765 918 1832 consiliis
964 1766 1344 1832 instructum
1389 1765 1480 1831 ad
1522 1766 1834 1851 populum
1881 1765 2167 1831 delatum
2213 1767 2312 1850 sit,
2378 1765 2551 1851 quod
2608 1764 2845 1850 docuit,

388 1893 555 1956 quae
604 1874 692 1939 sit
737 1872 1100 1939 ostracismi
1146 1873 1431 1940 habendi
1476 1893 1696 1940 causa.
1778 1873 1993 1957 Atque
2040 1874 2237 1940 etiam
2284 1893 2398 1939 eos
2445 1872 2847 1956 demagogos

390 1979 663 2064 nobiles,
710 2000 978 2064 quorum
1022 1981 1222 2045 nimia
1266 1980 1560 2066 potentia
1606 1986 1673 2046 et
1727 2000 1887 2066 opes
1943 1980 2271 2047 timendae
2327 1985 2548 2047 esseut
2601 1998 2848 2064 quosve

388 2086 472 2151 ob
519 2107 664 2153 eam
711 2107 980 2153 causam
1029 2087 1269 2172 expelli
1316 2108 1353 2154 e
1400 2088 1668 2154 civitate
1716 2094 2060 2173 oporteret,
2105 2088 2173 2153 in
2218 2087 2336 2152 illa
2383 2087 2682 2153 contione
2736 2106 2849 2151 no-

395 2194 679 2260 minatos
727 2214 875 2261 esse
921 2195 1211 2260 nonnulli
1257 2194 1548 2261 homines
1596 2194 1774 2261 docti
1818 2202 2222 2281 putaverunt,
2236 2195 2284 2277 ⁶)
2342 2213 2733 2279 quamquam
2777 2192 2851 2257 id

387 2321 507 2385 pro
557 2307 729 2366 certo
779 2301 910 2367 dici
955 2322 1084 2367 non
1129 2308 1366 2387 potest.
1439 2301 1646 2368 Aliter
1684 2309 1897 2368 autem
1932 2301 2270 2380 Valeton⁷)
2317 2300 2402 2367 de
2447 2301 2573 2366 hac
2618 2321 2690 2366 re
2735 2318 2848 2364 nu-

388 2465 654 2531 prytanes
674 2460 923 2529 quotidie
949 2461 1350 2527 sacrificabant,
1371 2463 1660 2528 cenabant‚
1680 2462 1912 2517 consilia
1930 2462 2235 2528 habebant;
2256 2462 2325 2517 cf.
2356 2461 2594 2516 Schoell:
2624 2460 2851 2514 Hermes

386 2549 469 2603 VI
490 2550 558 2603 28
598 2568 704 2618 sq.;
744 2551 1077 2620 Hagemann
1123 2551 1161 2604 1.
1209 2552 1245 2605 l.
1283 2569 1337 2620 p.
1377 2551 1448 2606 28
1484 2569 1602 2619 sqq.
1652 2580 1717 2589 —
1766 2552 1834 2605 In
1880 2551 2001 2621 ipsa
2047 2551 2201 2606 curia
2247 2547 2628 2620 (βουλευτηρίῳ)
2674 2547 2848 2617 κοινὴν

388 2635 554 2689 ἑστίαν
590 2638 758 2694 fuisse
797 2638 1058 2694 Bursian:
1114 2640 1342 2709 »Geogn
1379 2657 1433 2696 v.
1471 2640 1816 2695 Griechenl.«
1856 2641 1884 2695 Ι
1920 2641 2093 2710 (Lips.
2135 2641 2294 2705 1862)
2331 2659 2386 2709 Ρ.
2423 2640 2530 2694 282
2565 2641 2731 2708 putat
2742 2660 2755 2702 ;
2794 2655 2848 2693 v.

389 2744 558 2797 supra
591 2747 646 2798 p.
689 2729 791 2783 112
828 2729 956 2784 adn.
992 2730 1043 2784 3.

575 2816 617 2886 ¹)
654 2818 722 2873 cf.
759 2818 955 2873 Busolt
991 2819 1023 2886 ἕ
1064 2820 1167 2873 192
1201 2837 1256 2888 p.
1298 2819 1471 2884 173‚5.

574 2905 620 2972 ²)
656 2908 986 2976 Plerumque
1023 2925 1155 2963 sane
1192 2908 1496 2964 delationes
1525 2903 1895 2978 (εἰσαγγελίαι),
1935 2908 2078 2963 sicut
2114 2907 2321 2961 indicia
2346 2903 2642 2977 (μηνύσεις),
2672 2905 2743 2959 ad
2768 2921 2847 2959 Se·

390 2998 589 3050 natum
626 2996 970 3062 ferebantur3
1018 2997 1085 3052 cf.
1134 2997 1304 3054 Arist.
1351 2998 1491 3066 Equ.
1537 3016 1589 3052 v.
1638 2997 1770 3062 300;
1818 2997 1979 3052 Isocr.
2016 2997 2118 3051 XV
2138 2997 2270 3061 314;
2317 2995 2532 3051 Gilbert
2576 2995 2601 3048 I
2648 3013 2701 3063 p.
2741 2994 2844 3047 291

388 3087 448 3139 et
485 3085 611 3139 adn.
650 3085 710 3150 3;
747 3087 941 3141 Busolt
978 3086 1009 3153 g
1051 3087 1152 3141 182
1189 3105 1241 3155 p.
1286 3087 1455 3152 165‚1.
1495 3087 1526 3154 g
1571 3088 1668 3140 185
1705 3105 1759 3156 p.
1803 3086 1919 3141 167.
1959 3086 1990 3153 g
2034 3087 2131 3140 197
2169 3104 2223 3155 Ρ.
2263 3085 2382 3139 178.

574 3173 617 3241 ⁸)
658 3177 725 3229 cf.
762 3175 898 3229 Xen.
937 3176 1004 3230 H.
1045 3176 1138 3231 Gr.
1177 3176 1204 3229 I
1225 3175 1257 3229 7
1261 3178 1327 3240 ,7.
1402 3176 1555 3230 Idem
1591 3176 1711 3231 fieri
1747 3175 1936 3244 potuit
1986 3175 2053 3229 de
2101 3174 2225 3228 aliis
2271 3176 2431 3229 rebus
2477 3172 2536 3227 in
2582 3171 2716 3242 ipsis
2762 3188 2846 3227 co·

390 3262 566 3317 mitiis
604 3264 675 3317 ad
712 3265 979 3333 populum
1015 3265 1174 3329 latis;
1212 3283 1264 3319 v.
1311 3282 1477 3334 supra
1522 3282 1575 3333 Ρ.
1617 3265 1685 3319 78
1733 3264 1860 3320 adn.
1902 3267 1958 3328 7;
2006 3264 2074 3319 cf.
2122 3263 2293 3318 etiam
2340 3263 2706 3317 Schoemann:
2750 3260 2848 3315 »de

393 3369 526 3407 com.
566 3354 731 3407 Atha
771 3371 826 3423 p.
866 3355 973 3409 205
1011 3354 1201 3419 (aliter
1236 3354 1409 3408 sentit
1446 3354 1513 3407 de
1550 3353 1655 3408 hac
1689 3370 1748 3407 re
1785 3353 2015 3407 Platner
2049 3353 2086 3406 1.
2125 3353 2162 3406 1.
2200 3353 2227 3406 I
2262 3370 2314 3421 p.
2355 3352 2462 3406 370
2497 3353 2618 3420 sq.).

575 3441 619 3508 ⁴)
658 3441 725 3497 cf.
764 3460 811 3497 e.
858 3461 902 3497 c.
950 3443 1104 3498 Dem.
1152 3443 1282 3497 XXI
1302 3444 1351 3497 9.
1401 3444 1485 3498 11.
1536 3442 1665 3508 175;
1711 3443 1873 3497 Isocr.
1919 3442 2023 3497 XV
2042 3441 2172 3506 314;
2220 3441 2461 3494 Reusch:
2513 3441 2611 3493 »de
2656 3439 2848 3494 diebus

394 3532 533 3585 cont.
573 3530 718 3585 ord.«
758 3550 812 3600 p.
850 3532 902 3587 4.

576 3619 621 3687 ⁶)
660 3620 726 3675 cf.
766 3620 1134 3676 Schoemann:
1178 3621 1276 3675 »de
1314 3638 1449 3676 com.
1497 3621 1662 3678 Ath.‹
1713 3639 1768 3690 p.
1818 3620 1948 3685 2383
1997 3619 2254 3674 eundem:
2306 3618 2433 3673 »Gn
2475 3617 2622 3671 Alts
2664 3617 2691 3670 I
2729 3616 2849 3670 395.

399 3708 493 3762 »In
531 3709 822 3774 comitiis«,
862 3713 926 3764 ut
964 3710 1047 3764 ait
1084 3710 1427 3765 Schoemann
1464 3710 1589 3778 (»de
1625 3727 1761 3764 com.
1801 3709 1966 3764 Ath.‹
2006 3728 2059 3778 p.
2087 3709 2232 3775 238),
2266 3710 2450 3762 »actor
2476 3705 2851 3760 adversarium

396 3798 670 3866 produxit,
710 3802 767 3853 et
803 3801 930 3868 post
965 3799 1305 3869 propositam
1344 3818 1379 3854 a
1413 3800 1743 3869 prytanibus
1779 3795 2040 3868 προβολήν
2076 3801 2309 3865 uterque
2346 3796 2424 3863 (et
2458 3796 2505 3849 is
2544 3795 2642 3862 qui
2690 3811 2844 3848 accu-

396 3888 555 3942 sabat
592 3890 650 3942 et
687 3887 733 3941 is
772 3889 869 3956 qui
907 3888 1292 3958 accusabatur)
1328 3890 1497 3944 verba
1533 3905 1631 3958 pro
1667 3906 1725 3943 se
1760 3888 1834 3942 ad
1870 3887 2136 3957 populum
2172 3886 2355 3940 fecit«.
2432 3880 2681 3954 Προβολή
2718 3899 2849 3937 sane

394 3974 455 4029 in
489 3976 853 4046 magistratus
892 3977 1086 4046 (quam
1122 3977 1491 4032 Schoemann:
1534 3977 1633 4032 »de
1668 3994 1807 4032 com.
1845 3977 2010 4031 Ath.‹
2049 3994 2103 4044 p.
2142 3975 2246 4029 231
2284 3977 2508 4028 tantum
2552 3973 2611 4026 in
2661 3969 2850 4040 ἐπιχει-

398 4063 636 4133 ροτονίαις
673 4066 1109 4136 magistratuum
1144 4067 1355 4122 factam
1391 4084 1507 4121 esse
1534 4065 1841 4133 contendit)
1870 4065 2016 4120 iusto
2042 4064 2462 4134 probuleumate
2489 4064 2711 4116 senatus
2738 4077 2850 4115 non

397 4155 753 4223 comprobata
790 4156 859 4210 ab
895 4155 1016 4225 ipso
1064 4158 1247 4210 actore
1298 4156 1368 4210 ad
1415 4156 1683 4225 populum
1730 4156 2100 4219 deferebatur3
2147 4153 2240 4208 sed
2286 4149 2518 4223 προβολή
2565 4152 2678 4206 ista
2724 4169 2848 4205 cum

395 4259 605 4311 poenae
659 4243 1000 4313 irrogatione
1053 4262 1164 4299 non
1212 4246 1507 4300 coniuncta
1552 4247 1672 4299 erat
1686 4284 1699 4307 ,
1764 4261 1944 4313 neque
2007 4244 2242 4313 populus
2313 4242 2431 4312 ipse
2492 4241 2611 4295 ulla
2675 4257 2854 4310 poena

394 4348 549 4386 reum
587 4331 788 4396 affecit,
826 4333 922 4387 sed
956 4337 1081 4403 post
1126 4334 1269 4388 illud
1316 4334 1665 4389 comitiorum
1710 4333 2113 4403 praeiudicium
2156 4349 2274 4387 rem
2313 4331 2602 4387 heliastico
2646 4329 2852 4384 iudicio

395 4422 829 4491 cognoscendam
875 4424 933 4477 et
980 4422 1395 4477 diiudicandam
1440 4423 1744 4486 commisit;
1803 4424 1869 4477 cf.
1917 4423 2287 4477 Schoemann:
2349 4422 2446 4475 »de
2499 4438 2635 4475 com.
2681 4419 2846 4473 Ath.«

395 4528 452 4579 p.
491 4511 619 4575 2393
658 4510 876 4566 Gilbert
912 4512 939 4565 Ι
974 4529 1026 4581 Ρ.
1067 4511 1252 4577 289,2;
1293 4511 1485 4566 Busolt
1523 4511 1554 4578 ξ
1596 4512 1698 4566 192
1735 4529 1788 4581 Ρ.
1834 4512 1950 4566 173.
1990 4511 2020 4578 ᾖ
2059 4512 2164 4566 209
2201 4529 2254 4580 Ρ.
2301 4511 2414 4565 186.
2802 4502 2807 4507 ὁ

579 4597 630 4665 ⁶)
670 4599 736 4654 cf.
767 4600 1137 4655 Schoemann:
1163 4599 1262 4655 »de
1281 4617 1416 4654 com.
1437 4599 1604 4654 Ath.‹
1635 4618 1690 4670 p.
1714 4600 1822 4654 243
1851 4618 1928 4668 sq.
1945 4621 1957 4664 ;
1989 4600 2247 4655 eundem:
2281 4600 2403 4655 »Gn
2425 4599 2572 4653 Alts
2594 4598 2622 4652 Ι
2642 4597 2762 4652 398.
2783 4625 2854 4634 —-

396 4687 482 4742 De
519 4688 941 4743 candidatorum
969 4690 1198 4755 tabella,
1228 4707 1396 4758 quam
1423 4690 1597 4744 Meier
1623 4689 1843 4755 statuit,
1873 4689 2096 4744 omnino
2121 4707 2234 4744 non
2261 4688 2619 4758 cogitandum
2647 4690 2746 4741 est.

583 4774 630 4844 ⁷)
668 4777 932 4834 Mnemos.
970 4797 1025 4833 n.
1064 4796 1105 4834 s.
1143 4778 1247 4833 XV
1284 4781 1341 4833 et
1377 4779 1523 4833 XVI.
