3567 5392
1832 424 1955 488 128

667 617 790 682 sibi
846 624 959 681 aut
1016 617 1128 680 alii
1192 617 1660 683 restitutionem
1716 638 1757 681 a
1814 618 2054 703 populo
2111 620 2431 703 petiturus
2488 625 2655 703 erat,
2721 620 2998 704 supplex
3055 619 3127 684 in

674 731 904 788 senatu
951 722 1188 788 deinde
1243 724 1310 787 in
1367 724 1645 790 comitiis
1703 724 2050 789 ordinariis
2109 726 2354 809 orabat,
2408 732 2480 790 ut
2533 725 2812 811 populus
2866 726 2934 790 in
2990 746 3124 790 ma·

666 830 838 894 ximo
888 829 1223 895 comitiatu
1267 830 1525 894 veniam
1580 831 1937 913 rogationis
1993 831 2302 897 ferendae
2359 832 2484 897 sibi
2543 832 2761 912 daret;
2828 832 3002 915 quod
3068 834 3125 898 si

667 937 946 1021 populus
994 943 1423 1019 concesserat,
1484 938 1740 1002 veniam
1798 936 2083 1002 dandam
2151 945 2263 1002 aut
2329 938 2784 1021 denegandam
2847 959 2993 1005 esse
3040 940 3108 1004 in

669 1043 1200 1110 extraordinariis
1249 1043 1529 1109 comitiis
1576 1044 1663 1109 ad
1692 1044 1761 1109 id
1792 1045 2164 1110 convocatis
2203 1044 2521 1126 decrevit3
2554 1054 2621 1111 et
2645 1046 2838 1111 venia
2867 1045 3127 1112 demum

664 1150 1011 1234 impetrata
1038 1150 1508 1216 restitutionem
1558 1171 1599 1215 a
1644 1151 1883 1235 populo
1912 1158 2135 1235 petere
2163 1151 2364 1217 licuit.
2424 1150 2708 1228 Quarum
2756 1153 3124 1219 contionum

666 1255 874 1340 prima
905 1256 1204 1320 etaltera
1234 1265 1592 1339 congruunt
1631 1277 1773 1321 cum
1812 1257 2246 1344 ἐπιχειροτονία
2290 1265 2353 1324 et
2392 1257 2851 1348 ὀστρακοφορία,
2889 1261 3129 1343 quibus

665 1369 939 1451 ψήφισμα
987 1364 1075 1428 ἐπ’
1125 1365 1291 1448 ἀνδρί
1335 1371 1544 1428 ratum
1590 1364 1677 1429 fit.

845 1488 1180 1553 Postremo
1231 1489 1428 1554 etiam
1476 1489 1760 1554 civitatis
1810 1488 2155 1553 donandae
2187 1490 2654 1556 sollemnitates
2671 1493 2714 1567 1)
2745 1511 2888 1555 cum
2919 1492 3127 1563 ἀδείας

669 1593 931 1659 datione
976 1596 1217 1660 habent
1264 1595 1802 1673 similitudineS.²)
1880 1595 1953 1660 In
2001 1596 2279 1662 comitiis
2328 1596 2499 1662 enim
2546 1596 2908 1673 ordinariis,
2945 1604 3123 1681 post-

665 1721 856 1783 quam
904 1708 1168 1766 senatus
1213 1702 1613 1784 rogationem
1662 1702 1801 1768 sive
1851 1703 2230 1787 petitionem
2277 1703 2765 1787 probuleumate
2804 1704 3125 1787 instruxit,

667 1808 897 1873 civitas
963 1808 1159 1872 alicui
1223 1809 1567 1892 peregrino
1632 1810 1796 1874 bene
1864 1808 1947 1874 de
2010 1829 2081 1874 re
2136 1810 2412 1894 publica,
2451 1811 2677 1875 merito
2735 1810 3119 1877 decernitur.

668 1912 811 1990 Quo
859 1915 1030 1979 facto
1079 1914 1146 1978 id
1193 1914 1567 1999 psephisma
1615 1916 1680 1978 in
1728 1915 1938 1980 altera
1987 1915 2300 2000 contione,
2360 1916 2736 2001 plerumque
2792 1918 2857 1980 in
2910 1917 3123 2001 prima

667 2018 1000 2104 proximae
1055 2021 1491 2106 prytaniae‚3)
1558 2022 1660 2086 cui
1719 2029 1791 2086 ut
1846 2022 2201 2085 minimum·
2233 2043 2350 2088 sex
2403 2023 2585 2087 milia
2641 2024 2876 2088 civium
2927 2024 3120 2088 inter-

664 2136 898 2212 essent,
945 2128 1053 2194 lex
1101 2134 1256 2206 erat,
1306 2129 1578 2193 occultis
1626 2128 1956 2211 suffragiis
2006 2129 2556 2213 comprobandum
2614 2130 2750 2196 fuit.
2823 2130 3124 2212 Denique

666 2235 994 2299 civitatem
1051 2255 1092 2298 a
1146 2242 1281 2300 toto
1337 2235 1578 2319 populo
1637 2235 1963 2300 decretam
2019 2235 2342 2319 prioribus
2401 2236 2665 2318 quidem
2722 2237 3124 2321 temporibus

665 2354 864 2429 γραφῇ
914 2348 1278 2426 παρανόμων
1325 2343 1664 2424 antiquare
1711 2342 1909 2425 licuit,
1938 2341 2406 2426 posterioribus
2456 2350 2673 2408 autem
2721 2342 3123 2427 temporibus

668 2451 992 2532 δοκιμασία
1036 2468 1342 2512 novorum
1401 2449 1634 2514 civium
1689 2449 1753 2512 in
1811 2448 2053 2513 iudicio
2110 2447 2452 2514 heliastieo
2504 2450 2688 2515 facta
2744 2457 2862 2515 est.
2956 2450 3121 2513 Tum

855 2625 894 2691 ²)
933 2643 1075 2693 quae
1112 2629 1311 2693 quarto
1360 2644 1407 2680 a.
1458 2624 1580 2679 Chr.
1630 2644 1683 2679 n.
1723 2626 1941 2679 saeculo
1978 2627 2297 2692 valuerunt;
2339 2630 2507 2681 antea
2536 2631 2724 2680 autem
2762 2627 2958 2680 civitas
3012 2644 3125 2680 uno

666 2715 1039 2784 psephismate
1074 2714 1266 2784 populi
1304 2715 1523 2770 decreta
1559 2718 1615 2769 et
1650 2719 1776 2769 rata
1814 2716 1964 2769 facta
2002 2718 2100 2779 est,
2149 2716 2296 2783 quod
2322 2715 2713 2784 populiscitum
2746 2721 2917 2785 γραφῇ
2953 2733 3125 2784 παρα-

664 2802 828 2872 νόμων
866 2805 1131 2872 abrogare
1168 2804 1328 2858 licuit
1363 2804 1615 2860 heliastis
1626 2827 1638 2869 3
1680 2804 1744 2858 cf.
1785 2805 1980 2857 Busolt
2016 2805 2047 2870 ξ
2089 2806 2192 2858 154
2228 2823 2281 2873 p.
2326 2805 2424 2858 139
2463 2808 2520 2858 et
2558 2805 2683 2861 adn.
2725 2806 2773 2858 7.

848 2910 890 2979 ²)
930 2913 1009 2965 De
1055 2912 1300 2967 civitatis
1346 2912 1569 2966 datione
1617 2887 1681 2966 ef.
1735 2911 1932 2979 [nem]
1956 2913 2079 2965 LIX
2128 2913 2196 2965 89
2243 2930 2348 2980 sq.;
2402 2913 2641 2967 eilbert:
2695 2913 3044 2967 »maai-,saus
3096 2912 3125 2964 1

665 3019 716 3069 p.
759 3003 880 3055 176.

848 3107 889 3173 ⁸)
930 3107 1166 3176 Tempus
1221 3107 1441 3161 concilii
1495 3124 1710 3176 semper
1763 3107 2096 3177 populiscito
2154 3109 2521 3162 constitutum
2580 3111 2687 3171 est3
2748 3109 2815 3162 cf.
2854 3109 3125 3163 Valetonx

664 3197 925 3251 Mnemos
963 3215 1015 3249 n.
1054 3214 1096 3250 s.
1126 3196 1257 3249 XVI
1295 3215 1346 3264 p.
1386 3200 1436 3251 5.
1510 3197 1818 3258 Formulae‚
1859 3214 1971 3263 qua
2007 3197 2068 3249 in
2102 3197 2288 3251 titulis
2326 3197 2530 3252 Atticis
2568 3198 2704 3251 haec
2740 3196 2991 3266 suffragii
3042 3197 3121 3250 la—

664 3287 745 3341 tio
783 3286 1140 3356 significatur,
1170 3302 1393 3355 ⁴semper
1429 3286 1544 3340 fere
1580 3287 1683 3340 hoc
1730 3285 1987 3339 additum
2032 3289 2143 3339 est:
2195 3284 2265 3346 εἷς
2312 3286 2407 3356 τὴν
2454 3285 2657 3357 πρώτην
2706 3283 3006 3355 ἐκκλησίαν;
3054 3286 3123 3339 cf.

664 3377 925 3431 Mnemos.
963 3393 1017 3427 n.
1056 3393 1096 3428 s.
1138 3375 1242 3427 XV
1279 3393 1332 3444 p.
1372 3375 1439 3428 25
1479 3377 1536 3428 et
1572 3374 1704 3429 ibid.
1744 3374 1876 3428 XVI
1923 3392 1977 3443 p.
2018 3378 2074 3438 53
2106 3375 2449 3429 Buermann:
2487 3377 2675 3430 Jahrb.
2707 3376 2742 3429 f.
2774 3375 2938 3429 klass
2977 3374 3123 3427 Phil.

667 3466 856 3533 Suppl.
895 3465 946 3517 X
983 3483 1036 3533 p.
1074 3465 1179 3517 358
1217 3482 1295 3532 sq.
1372 3465 1505 3530 Idne
1546 3464 1617 3518 ad
1654 3464 2118 3518 extraordinarias
2157 3482 2230 3519 an
2267 3465 2339 3518 ad
2375 3459 2680 3525 ordinarias
2718 3465 2997 3521 contiones
3039 3480 3125 3518 re-

666 3553 948 3608 ferendum
991 3553 1080 3616 sit,
1117 3570 1228 3606 non
1266 3554 1401 3607 satis
1438 3553 1633 3621 liquet.
1691 3554 1796 3607 Sed
1831 3553 1890 3605 id
1926 3553 2136 3606 nullius
2169 3553 2437 3607 momenti
2475 3557 2573 3618 est,
2603 3554 2651 3607 si
2679 3554 2902 3621 quidem
2930 3569 3123 3606 senum

665 3642 886 3696 milium
932 3640 1183 3711 suffragii
1228 3642 1366 3695 latio
1415 3660 1526 3695 non
1566 3642 1826 3710 specialis
1874 3638 2124 3711 ἐκκλησία
2170 3642 2294 3706 fuit,
2334 3642 2394 3694 id
2430 3642 2576 3710 quod
2613 3643 2854 3696 Valeton
2890 3641 3126 3696 coniecit

664 3732 734 3797 (v.
784 3731 955 3785 etiam
1003 3730 1152 3784 infra
1200 3748 1319 3798 cap.
1364 3731 1445 3783 III
1482 3749 1534 3799 p.
1579 3731 1678 3783 138
1717 3730 1843 3784 adn.
1882 3732 1953 3792 2).
2047 3731 2202 3796 Quod
2256 3730 2302 3783 si
2356 3739 2563 3784 verum·
2601 3733 2759 3795 esset,
2813 3731 2947 3784 illae
3010 3729 3128 3783 suf-

666 3820 835 3891 fragii
870 3820 1105 3875 lationes
1141 3820 1202 3873 in
1239 3819 1477 3874 comitiis
1515 3819 1807 3873 ordinariis
1843 3823 2002 3874 extra
2038 3819 2286 3874 ordinem
2312 3820 2521 3874 fierent.
2578 3820 2642 3872 Id
2678 3822 2869 3873 autem
2902 3818 3126 3872 videtur

666 3912 929 3974 constare,
969 3911 1106 3964 haec
1142 3909 1389 3964 civitatis
1426 3909 1766 3963 decretorum
1804 3910 1974 3963 verba
2020 3927 2131 3963 non
2180 3908 2253 3962 ad
2296 3909 2550 3978 primam,
2610 3909 2705 3962 sed
2761 3908 2832 3962 ad
2886 3908 3123 3962 alteram

663 4000 974 4055 contionem
1020 3999 1295 4068 pertinere
1308 4040 1320 4063 ,
1369 4016 1495 4054 cum
1542 3999 1678 4053 haec
1723 3998 1994 4052 formulae
2041 3997 2549 4067 probuleumaticae
2568 4046 2573 4049 .
2594 3998 2788 4052 verba:
2835 3996 2951 4055 τοὺς
2997 4013 3125 4066 προ-

663 4086 832 4159 ἑδρους
868 4084 1013 4139 οἳᾶν
1050 4086 1249 4158 λάχωσι
1285 4085 1585 4158 προεδρεύειν
1626 4089 1987 4157 (πρασαγαγεῖν
2024 4086 2107 4137 τὸν
2145 4084 2301 4152 δεῖνα)
2340 4082 2412 4146 εἰς
2457 4086 2553 4157 τὴν
2597 4085 2799 4156 πρώτην
2845 4082 3122 4154 ἐκκλησίαν

662 4178 791 4246 (καὶ)
830 4176 1140 4248 χρηματίσαι
1176 4177 1284 4248 περὶ
1321 4175 1505 4229 τούτων
1542 4175 1648 4228 κτλ.
1699 4177 1772 4232 ad
1819 4176 2132 4231 contionem
2177 4179 2401 4230 senatus
2447 4194 2755 4231 consessum
2801 4177 3122 4244 sequentem

661 4267 935 4336 pertinere
962 4269 1273 4327 existimem
1305 4266 1493 4335 [aliter
1519 4268 1690 4323 sentit
1717 4266 1965 4334 Hartel]'3
1996 4267 2064 4320 cf.
2096 4266 2338 4321 Gilbert:
2360 4267 2549 4321 Jahrb.
2570 4267 2605 4320 f.
2628 4252 2794 4320 klass.
2815 4266 2960 4320 Phil.
2982 4265 3122 4318 1879

663 4373 714 4424 p.
755 4355 889 4419 229;
928 4358 1084 4410 Blass
1119 4357 1176 4410 in
1216 4358 1260 4411 Ι.
1298 4357 1522 4411 Mulleri
1563 4355 1814 4410 »Handb.
1855 4356 1906 4410 d.
1945 4356 2111 4408 klass.
2150 4356 2578 4410 Altert.·Wiss.«
2619 4355 2646 4408 Ι
2684 4355 2867 4420 (1886)
2905 4373 2959 4424 p.
2996 4354 3121 4417 453,

662 4445 759 4513 qui
795 4445 934 4500 haec
979 4445 1139 4500 dicit:
1191 4447 1323 4501 »Die
1369 4447 1563 4501 Worte
1610 4445 1705 4499 der
1750 4444 2332 4514 probuleumatischen
2376 4444 2617 4498 Formel:
2665 4440 2736 4503 εἰς
2780 4442 2876 4511 τὴν
2920 4440 3125 4511 πρώτην

666 4531 941 4604 ἐκκλησίαν
977 4535 1146 4605 bezog
1172 4536 1369 4590 Har-tel
1406 4536 1509 4590 auf
1540 4535 1630 4591 die
1665 4535 1895 4589 nachste
1930 4534 2075 4588 nach
2112 4534 2207 4588 der
2240 4533 2714 4588 beschliessenden
2749 4528 3021 4601 ἐκκλησία.
3043 4571 3057 4586 .
3079 4550 3123 4594 .;

659 4624 843 4677 Miller
878 4623 1161 4692 hingegen
1187 4624 1302 4679 mit
1340 4625 1579 4679 anderen
1615 4623 1718 4678 auf
1749 4622 1838 4676 die
1883 4622 2111 4677 nachste
2149 4619 2398 4692 ἐκκλησία
2433 4622 2577 4677 nach
2624 4622 2719 4676 der
2762 4619 3127 4687 Ratssitzung

662 4712 788 4780 [»de
826 4712 1055 4767 decretis
1093 4713 1327 4767 Atticis«
1369 4731 1423 4782 p.
1455 4713 1548 4767 34:
1589 4712 1661 4766 ad
1698 4710 1926 4765 comitia
1964 4715 2187 4766 senatus
2225 4711 2497 4766 consessui
2533 4709 2861 4781 proxima]«.
