3567 5392
1584 420 1665 483 13

395 623 756 684 cernuntur.
857 615 1016 681 Mihi
1069 614 1347 699 Lugebil
1406 613 1775 681 ostracismi
1833 612 2148 697 originem
2202 631 2331 678 non
2376 618 2551 678 recte
2597 610 2859 677 videtur

392 722 824 805 intellexisse3
871 723 1110 789 rectius
1147 721 1463 788 iudicavit
1491 721 1756 787 Platner
1785 720 2037 799 [„Proc.
2064 741 2125 788 u.
2160 719 2456 803 Klagen“
2497 720 2529 782 I
2567 721 2694 786 387
2707 719 2858 804 sq.],

394 830 504 914 qui
534 829 828 896 diversas
856 830 1190 896 Plutarchi
1219 828 1558 914 opiniones
1591 827 1838 913 duplici
1865 847 2103 911 genere
2132 826 2493 893 ostracismi
2523 825 2855 913 explicare

394 937 627 1005 studet.
665 937 921 1023 Optime
950 944 1164 1003 autem
1197 936 1448 1003 Gilbert
1474 937 1527 1022 [„
1543 936 1919 1002 Staatsalt.“
1951 936 1983 998 I
2019 935 2169 1020 145]
2199 934 2303 1002 his
2329 934 2545 1000 verbis
2573 954 2710 999 rem
2742 953 2855 999 ex-
2910 999 2916 1005 ,

391 1045 635 1130 posuit:
661 1045 851 1124 „Erst
876 1045 942 1110 in
972 1044 1088 1112 der
1116 1051 1424 1130 spateren
1452 1043 1599 1110 Zeit
1623 1043 1711 1109 ist
1739 1042 1857 1108 der
1882 1042 2288 1109 Missbranch
2311 1041 2853 1125 ansgekommen,

395 1151 522 1219 den
561 1151 1000 1220 Ostracismus
1038 1173 1117 1218 zu
1152 1151 1686 1218 Parteizwecken
1723 1170 1802 1215 zu
1838 1151 2171 1216 benutzen.
2232 1149 2376 1215 Von
2413 1148 2628 1214 dieser
2663 1147 2854 1214 miss-

391 1259 851 1325 brauchlichen
895 1258 1326 1342 Anwendung
1371 1257 1735 1342 desselben,
1793 1257 2045 1323 welche
2101 1256 2260 1323 aber
2302 1255 2541 1325 bereits
2587 1255 2677 1321 im
2721 1254 2856 1320 An·

394 1365 592 1449 sange
658 1365 774 1432 des
830 1349 916 1433 5.
944 1366 1169 1432 Jahrh.
1237 1366 1638 1449 eingetreten
1700 1365 1807 1444 ist,
1884 1364 2006 1447 gilt
2070 1363 2431 1449 dasjenige,
2492 1382 2633 1428 was
2699 1382 2853 1427 man

391 1470 768 1539 verkehrter
811 1473 1032 1540 Weise
1078 1472 1180 1539 als
1228 1471 1350 1537 das
1396 1471 1891 1557 urspriingliche
1936 1472 2177 1537 Wesen
2233 1470 2352 1537 des
2408 1468 2856 1537 Ostracismus

393 1578 760 1663 ansgefasst
805 1579 1043 1660 hat.“¹)
1134 1580 1336 1646 Recte
1382 1578 1582 1663 igitur
1627 1579 2016 1645 Aristoteles
2067 1578 2228 1663 [Pol.
2258 1578 2355 1641 ΙΠ
2390 1579 2470 1644 13
2499 1599 2562 1662 p.
2601 1579 2771 1643 1284
2787 1577 2858 1660 a}

393 1687 840 1753 ostracismnm
889 1686 1253 1773 explicat,²)
1302 1685 1429 1771 qui,
1477 1707 1621 1752 cum
1659 1685 1858 1771 paulo
1896 1684 2066 1751 infra
2093 1683 2327 1750 addat:
2359 1682 2427 1751 οὗ
2456 1688 2570 1769 γὰρ
2599 1683 2856 1767 ἔβλεπον

394 1797 511 1875 (sc.
569 1792 631 1858 αἱ
684 1791 919 1881 πόλεις)
983 1798 1136 1880 πρὸς
1189 1799 1255 1859 τὸ
1316 1806 1426 1881 τῆς
1486 1797 1780 1867 πολιτείας
1845 1806 1955 1879 τῆς
2016 1791 2238 1867 οἰκείας
2302 1798 2625 1880 συμφέρον,
2694 1789 2860 1855 ἀλλὰ

391 1913 824 1974 στασιαστικῶς
878 1901 1143 1988 ἐχρῶντο
1199 1912 1322 1973 τοῖς
1375 1898 1815 1988 ὀστρακισμοῖς,
1873 1901 2016 1985 ipse
2067 1906 2343 1966 testatur
2398 1904 2856 1965 commutatam

395 2007 762 2074 ostracismi
808 2007 938 2073 vim
987 2013 1052 2074 et
1089 2006 1373 2073 dilucide
1415 2007 1772 2092 distinguit,
1784 2008 1837 2089 ³)
1884 2028 2078 2092 quam
2125 2008 2210 2073 ob
2252 2026 2387 2072 rem
2434 2005 2856 2072 ostracismus

391 2114 722 2180 institutus
778 2121 843 2181 et
895 2114 984 2180 ad
1039 2135 1203 2198 quas
1258 2135 1365 2182 res
1410 2121 1644 2200 postea
1687 2121 2041 2200 usurpatus
2088 2115 2253 2195 sit.⁴)
2344 2115 2585 2180 Verum
2632 2118 2854 2180 antem

396 2218 764 2304 Clisthenis,
812 2221 924 2303 qui
971 2222 1422 2287 ostracismum
1469 2221 1763 2306 instituit,
1810 2221 2093 2288 Valeton
2142 2221 2472 2305 [Mnemos.
2520 2241 2582 2287 n.
2624 2242 2673 2286 s.
2700 2220 2850 2305 XV}

392 2325 712 2392 intellexit
759 2327 1115 2393 consilium.
1190 2328 1479 2394 Instituit
1513 2328 1685 2393 enim
1715 2322 2081 2395 Clisthenes
2111 2328 2560 2395 ostracismum
2587 2335 2857 2413 propter

391 2432 757 2517 tyrannidis
822 2434 1284 2520 suspicionem,
1348 2435 1416 2500 in
1489 2455 1619 2518 qua
1684 2442 1837 2500 tunc
1912 2442 2097 2501 erant
2160 2434 2510 2519 demagogi
2574 2434 2848 2504 nobiles,

393 2538 609 2616 Quare
670 2561 891 2607 omnes
948 2541 1210 2625 quidem
1266 2541 1668 2626 demagogos
1723 2542 1976 2609 nobiles
2022 2542 2490 2626 relegationem
2535 2543 2855 2610 meruisse

393 2648 637 2732 statuit,
686 2647 802 2713 sed
850 2650 994 2732 quis
1043 2669 1261 2715 eorum
1307 2649 1700 2733 relegandus
1748 2657 1940 2735 esset,
1985 2650 2212 2736 populi
2247 2650 2512 2717 arbitrio
2541 2650 2854 2735 permisit.

394 2752 579 2830 Quae
627 2774 769 2820 cum
817 2755 910 2820 ita
959 2756 1111 2841 sint,
1171 2757 1414 2822 eiectus
1471 2764 1572 2822 est
1627 2756 2134 2841 demagogorum
2190 2757 2446 2842 aliquis,
2501 2776 2630 2823 non
2676 2758 2852 2842 qnod

574 3006 616 3073 ¹)
655 3006 721 3060 cf.
760 3007 956 3061 Busolt
992 3007 1029 3061 1.
1059 3007 1096 3061 l.
1136 3008 1166 3074 ξ
1202 3008 1302 3061 135
1340 3026 1392 3077 p.
1428 3008 1647 3076 12lsq.;
1686 3008 1754 3062 cf.
1794 3009 1966 3063 etiam
2002 3009 2244 3064 Valeton
2280 3009 2316 3063 l.
2347 3009 2384 3063 l.
2423 3026 2476 3078 Ρ.
2508 3009 2613 3063 340
2653 3007 2777 3062 adn.
2801 3010 2853 3063 1.

576 3093 619 3160 ²)
657 3096 743 3149 his
787 3096 992 3151 verbis:
1032 3094 1059 3147 ὁ
1100 3095 1243 3166 (γὰρ)
1281 3093 1608 3167 ὀστρακισμὸς
1644 3095 1740 3167 τὴν
1777 3093 1940 3167 αότὴν
1996 3093 2103 3167 ἔχει
2157 3094 2361 3167 δύναμιν
2409 3096 2585 3167 τρόπον
2630 3098 2739 3148 τινὰ
2782 3102 2858 3166 τῷ

395 3180 620 3233 κολούειν
655 3184 769 3245 τοὺς
807 3182 1137 3255 ὑπερέχοντας
1173 3186 1261 3237 καὶ
1298 3183 1601 3256 φυγαδεύειν.
1676 3186 1743 3241 cf.
1781 3187 1834 3241 V
1872 3189 1905 3241 3
1943 3206 1996 3256 p.
2040 3188 2175 3242 1302
2185 3189 2238 3242 b.

578 3271 621 3340 ³)
658 3273 723 3328 cf.
747 3274 992 3343 Thucyd.
1017 3275 1150 3330 VIII
1173 3277 1259 3339 73,
1280 3277 1339 3330 3:
1382 3318 1394 3331 .
1418 3317 1430 3331 .
1452 3272 1873 3346 ,ὠστρακισμένον
1903 3275 1995 3345 [sc.
2016 3272 2343 3346 Ὑπέρβολον]
2383 3272 2440 3327 ob
2478 3272 2559 3328 διὰ
2596 3273 2856 3346 δυνάμεως

394 3361 483 3412 καὶ
514 3359 799 3432 ἀξιώματος
828 3361 996 3432 φόβον.
1018 3402 1030 3414 .
1052 3383 1094 3428 .;
1124 3367 1190 3419 cf.
1228 3365 1375 3420 Plut.
1415 3366 1590 3420 Alcib.
1630 3366 1790 3430 XIII;
1830 3367 1939 3420 Cic.
1978 3366 2196 3422 Tuscul.
2234 3365 2286 3419 V
2325 3368 2420 3432 36;
2458 3385 2508 3421 v.
2549 3370 2615 3421 de
2651 3366 2758 3422 hac
2795 3385 2859 3422 re

393 3451 634 3507 Valeton
671 3442 947 3508 Mnemos.
972 3472 1024 3507 n.
1065 3472 1105 3509 s,
1143 3455 1240 3509 XV
1277 3473 1329 3524 p.
1369 3456 1564 3523 350sq.
1602 3473 1655 3524 p.
1693 3458 1889 3523 354sq.

574 3541 619 3609 ⁴)
659 3542 743 3595 Ex
779 3543 1147 3598 democratiae
1185 3560 1403 3612 quoque
1441 3547 1645 3599 natura
1682 3548 1740 3600 et
1775 3546 1920 3600 ratio
1958 3549 2015 3600 et
2050 3545 2205 3600 notio
2242 3546 2548 3601 ostracismi
2593 3545 2853 3616 intellegi

391 3635 637 3700 possunt.
710 3633 777 3686 In
814 3633 1153 3701 democratia
1190 3633 1337 3688 enirn
1374 3651 1640 3703 pauperes
1680 3633 1767 3701 (cf.
1809 3635 1977 3689 Arist.
2017 3635 2132 3690 Pol.
2162 3636 2244 3689 III
2282 3636 2315 3689 8
2352 3653 2404 3704 p.
2438 3636 2571 3689 1279
2582 3634 2641 3701 b)
2680 3665 2740 3674 —
2784 3639 2856 3692 ut

393 3719 476 3774 ait
519 3721 867 3777 Aristoteles:
927 3720 972 3773 οἱ
1018 3719 1194 3792 ἄποροι
1241 3751 1300 3763 -
1347 3741 1622 3779 summam
1671 3728 1927 3780 exercent
1971 3727 2324 3794 potestatem,
2373 3728 2430 3781 et
2466 3742 2652 3780 omnes
2689 3743 2854 3794 pares

388 3812 524 3864 sunt
559 3810 653 3877 (cf.
692 3811 860 3867 Arist.
898 3812 1015 3867 Pol.
1053 3813 1136 3867 ΠΙ
1179 3815 1240 3867 13
1276 3832 1330 3883 p.
1373 3814 1582 3879 1284a3
1638 3831 1689 3868 v.
1727 3815 1925 3870 Busolt
1960 3815 1997 3868 1.
2035 3815 2073 3869 1.
2111 3818 2142 3878 ἓ
2179 3815 2248 3868 45
2294 3833 2347 3884 p.
2386 3816 2453 3869 42
2504 3818 2561 3870 et
2606 3816 2731 3870 adn.
2772 3816 2851 3885 2),

389 3898 451 3953 in
489 3899 839 3956 aristocratia
876 3905 1063 3957 autem
1102 3899 1148 3952 οἱ
1184 3899 1431 3968 πλούσιοι;
1470 3921 1642 3971 quare
1669 3903 1995 3958 Aristoteles
2036 3903 2172 3972 [Pol.
2195 3904 2278 3958 III
2307 3904 2339 3958 8
2367 3922 2420 3973 p.
2456 3905 2591 3958 1279
2600 3904 2659 3973 b]
2697 3909 2850 3962 recte

391 3989 553 4043 dicit:
594 4030 750 4044 .....
763 3981 805 4058 ᾧ
843 3987 894 4040 δὲ
930 3987 1233 4061 διαφέρουσιν
1270 3989 1310 4062 ἢ
1345 4009 1397 4042 τε
1436 3988 1750 4063 δημοκρατία
1786 3992 1874 4043 καὶ
1912 3991 1952 4063 ἢ
1989 3989 2261 4063 ὀλιγαρχία
2289 3989 2555 4063 ἀλλήλων,
2594 3992 2735 4044 πενία
2761 3995 2853 4048 καὶ

390 4074 604 4138 πλοῦτός
636 4075 761 4129 ἐστιν
776 4122 787 4134 .
810 4121 823 4135 .
846 4121 859 4135 .
902 4079 990 4147 [cf.
1013 4080 1479 4136 Biichsenschiitz:
1505 4081 1719 4137 »Besitz
1739 4100 1792 4135 u.
1814 4082 2037 4137 Erwerb
2055 4083 2135 4136 im
2163 4100 2244 4151 gr.
2267 4083 2500 4138 Altert.‹
2525 4081 2671 4151 (Hal.
2690 4085 2850 4152 1869)

388 4184 441 4235 p.
464 4168 533 4222 35
553 4167 678 4223 adn.
702 4166 779 4236 3].
838 4167 976 4222 Cum
1003 4173 1189 4224 autem
1217 4170 1467 4226 homines
1503 4171 1825 4241 ingentibus
1862 4172 2109 4240 pecuniis
2139 4175 2239 4227 aut
2266 4191 2482 4227 summa
2511 4174 2853 4231 auctoritate

389 4258 536 4313 inter
583 4258 729 4312 cives
785 4258 1113 4314 excellentes
1166 4259 1226 4313 in
1281 4259 1649 4315 democratiae
1704 4262 1958 4330 angustis
2015 4262 2176 4330 quasi
2228 4262 2429 4317 finibus
2475 4263 2682 4317 versati
2730 4282 2844 4319 non

387 4347 616 4417 possint,
663 4347 836 4402 immo
871 4348 953 4403 rei
989 4347 1244 4417 publicae
1280 4349 1573 4418 periculosi
1609 4349 1739 4417 sint,
1789 4351 2141 4406 ostracismus
2178 4352 2474 4407 institutus
2525 4356 2625 4419 est,
2672 4356 2739 4407 ut
2786 4355 2841 4409 ei

385 4437 635 4491 homines
659 4454 689 4491 e
706 4437 936 4492 civitate
955 4437 1157 4507 expelli
1177 4441 1411 4507 possent.
1487 4439 1589 4505 (De
1617 4439 1750 4505 iure,
1792 4440 1938 4509 quod
1973 4442 2209 4510 populus
2244 4441 2305 4495 in
2340 4441 2447 4497 hac
2482 4459 2542 4497 re
2578 4444 2840 4510 exercuit,

387 4525 453 4580 cf.
506 4524 874 4581 Schoemann:
927 4526 1176 4581 »Griech
1224 4527 1458 4582 Altert.‹
1516 4529 1542 4583 1
1602 4529 1702 4584 182
1713 4529 1830 4596 sq.).
1907 4529 1984 4584 Of.
2043 4530 2215 4585 etiam
2269 4530 2344 4599 id,
2400 4532 2548 4600 quod
2584 4535 2842 4601 exposuit

386 4614 642 4670 Valeton.
680 4617 943 4670 Mnemos.
980 4616 1084 4670 XV
1122 4634 1173 4685 p·
1214 4617 1444 4685 134sqq.
