3567 5392
1833 361 1918 427 96

648 562 979 644 τιμήματος
1034 555 1264 621 ἐδέδετο
1327 554 1499 639 ἐγγὺς
1552 556 1837 630 ἐνιαυτόν,
1902 558 2008 620 καὶ
2071 553 2330 642 ἐμήνυσε
2395 556 2701 640 δεδεμένος
2761 559 2926 619 κατὰ
2990 566 3114 620 τῶν

649 659 832 727 αὖτοῦ
890 670 1179 746 συγγενῶν
1225 665 1330 726 καὶ
1377 662 1582 749 φίλων,
1625 661 1830 733 ἀδείας
1877 662 2164 747 δοθείσης
2210 658 2392 745 αὐτῷ,
2425 658 2486 724 εἷ
2533 661 2766 732 δόξειε
2811 661 3105 748 τάληθῆ

648 770 1050 855 μηνῦσαιςῑ)
1101 768 1379 851 denique
1426 767 1550 833 huc
1595 768 1876 853 pertinet
1937 768 2180 852 Lysiae
2246 766 2427 833 locus
2491 767 2674 850 [XIII
2727 767 2914 851 501²),
2978 787 3109 851 quo

646 876 810 941 haec
865 876 1194 958 leguntur:
1255 874 1445 941 ἔπειθ’
1488 872 1527 961 ἡ
1575 880 1788 960 κρίσις,
1854 877 1929 962 ἢν
1989 876 2206 961 ἐκρίθη
2271 873 2368 939 ἐπὶ
2431 887 2547 940 τῶν
2614 881 2941 959 τριάκοντα
3000 878 3101 939 καὶ

648 981 904 1068 ἀφείθη,
989 979 1308 1069 διαῤῥηδην
1402 985 1586 1061 λέγει,
1678 983 1943 1061 ηδιότϋ*
2024 982 2203 1068 φησίν
2281 980 2522 1058 ὓέδοξε
2594 979 2890 1068 τάληθῆ
2963 978 3105 1045 εἰσ-

647 1093 1045 1173 αγγεῖλαι“.
1102 1087 1287 1165 Quae
1334 1108 1477 1154 cum
1523 1088 1616 1153 ita
1665 1107 1735 1154 se
1781 1086 2152 1173 habeant‚³)
2191 1095 2325 1152 tam
2372 1074 2683 1171 civibus4)
2722 1107 2915 1171 quam
2961 1107 3107 1172 per-

650 1195 895 1280 egrinis
944 1194 1338 1278 servisque5)
1384 1195 1510 1259 hac
1557 1194 1941 1280 impunitate
1988 1214 2151 1279 opus
2200 1194 2380 1276 est.⁶)

824 1318 1074 1396 Quodsi
1119 1319 1322 1384 ἄδειαν
1361 1319 1763 1404 impunitatis
1804 1319 2025 1384 delicti
2069 1319 2393 1385 commissi
2426 1318 2964 1402 significationem
2991 1317 3105 1382 ha·

644 1427 867 1493 buisse
906 1433 971 1491 et
1011 1447 1090 1492 ea
1120 1426 1370 1491 civibus
1419 1445 1673 1509 quoque
1721 1446 1884 1511 opus
1933 1426 2134 1492 fuisse
2183 1433 2456 1504 constat,
2488 1425 2793 1510 sequitur,
2833 1433 2903 1491 ut
2929 1424 3105 1491 ἄδεια

646 1533 1056 1617 impetranda
1123 1533 1314 1598 fuerit
1374 1539 1749 1617 propterea,
1814 1532 1989 1617 quod
2053 1532 2300 1599 indices
2367 1533 2527 1599 socii
2573 1532 2856 1599 criminis
2918 1538 3106 1617 puta-

643 1640 893 1707 bantur.
987 1640 1111 1705 Hic
1158 1639 1337 1705 dicat
1382 1639 1620 1722 aliquis
1679 1640 1928 1705 civibus
1986 1639 2246 1724 quidem
2302 1647 2437 1705 tum
2491 1640 2875 1724 impunitate
2936 1659 3103 1723 opus

646 1746 869 1831 fuisse,
919 1767 1059 1812 cum
1107 1746 1235 1832 ipsi
1282 1745 1515 1812 affines
1562 1746 1847 1812 criminis
1904 1767 1945 1811 a
2001 1767 2074 1813 se
2135 1746 2339 1812 delati
2396 1754 2646 1829 essent3
2704 1766 2899 1830 quam
2959 1765 3103 1811 sen·

645 1854 914 1919 tentiam
959 1855 1090 1919 iam
1136 1853 1454 1920 Thumser
1500 1853 1562 1938 [1.
1608 1853 1650 1921 l.
1676 1875 1760 1938 p.
1815 1854 1922 1936 21]
1968 1853 2070 1919 his
2117 1854 2332 1920 verbis
2378 1852 2710 1918 refutavit:
2765 1853 2904 1932 „Ne
2952 1851 3101 1934 quis

658 2012 672 2027 .
703 2013 717 2027 .
735 1960 992 2044 obiciat,
1059 1980 1314 2025 servum
1375 1960 1555 2025 illum
1621 1961 1728 2039 (ab
1794 1958 2132 2025 Andocide
2199 1959 2305 2045 [de
2369 1966 2558 2043 myst.
2623 1962 2699 2025 11
2752 1958 2867 2041 sq.]
2935 1977 3103 2023 com-

646 2070 1091 2148 memoratum)
1178 2087 1308 2132 non
1389 2067 1603 2152 ipsum
1687 2068 2000 2151 mysteria
2077 2066 2442 2152 aperuisse,
2517 2067 2711 2132 etiam
2787 2087 2918 2150 eos,
2991 2064 3103 2148 qui

645 2180 893 2240 tantum
942 2173 1285 2239 audierant
1330 2174 1642 2258 mysteria
1689 2175 2042 2259 enuntiata,
2089 2194 2303 2259 poena
2351 2174 2647 2240 adfectos
2704 2193 2852 2240 esse
2907 2192 3103 2255 quam

648 2281 1007 2347 clarissime
1066 2301 1142 2347 eo
1200 2281 1577 2366 ostenditur,
1634 2281 1807 2364 quod
1857 2280 2315 2366 Polystratum,
2363 2281 2660 2365 quamvis
2706 2300 2835 2346 non
2882 2280 2949 2344 in
2995 2298 3099 2344 eo-

645 2407 784 2452 rum
831 2408 1096 2453 numero
1144 2388 1389 2453 relatus
1437 2394 1630 2472 esset,
1677 2388 1789 2471 qui
1833 2389 2149 2472 mysteria
2195 2387 2501 2473 fecerant,
2549 2396 2767 2454 tamen
2815 2386 3098 2453 occisum

646 2514 793 2560 esse
840 2494 1214 2560 Andocides
1264 2494 1323 2574 [l.
1369 2495 1409 2559 l.
1458 2498 1497 2575 ξ
1552 2495 1654 2578 13]
1702 2494 2102 2577 tradidit.“⁷)
2194 2495 2625 2562 Athenienses
2673 2494 2842 2561 enim
2889 2494 2956 2558 in
3000 2492 3106 2558 his

829 2691 870 2759 ι)
907 2692 1061 2746 Idem
1100 2695 1257 2762 patet
1294 2709 1360 2746 ex
1396 2692 1606 2746 duobus
1642 2691 1802 2746 locis:
1844 2691 2013 2761 [Lys.]
2053 2693 2133 2746 VI
2170 2693 2239 2746 43
2276 2695 2335 2747 et
2369 2693 2492 2761 Lys.
2530 2692 2663 2745 XIII
2701 2692 2787 2746 56.

826 2779 868 2849 ²)
906 2782 972 2835 cf.
1012 2782 1353 2852 Frohberger
1390 2782 1463 2835 ad
1498 2782 1552 2835 h.
1592 2782 1628 2835 1.
1669 2784 1726 2835 et
1762 2781 2191 2835 Rauchenstein.

824 2868 868 2939 ⁸)
906 2870 973 2924 cf.
1014 2870 1205 2925 Busolt
1255 2872 1287 2937 §
1328 2872 1428 2925 150
1466 2889 1519 2939 p.
1563 2870 1664 2924 136
1701 2866 1899 2936 (ἀδείας
1954 2887 2237 2924 concessae
2282 2873 2529 2939 μηνυταῖς
2582 2867 2775 2923 Busolt
2828 2868 2933 2921 hoc
2985 2867 3103 2921 loco

642 2959 980 3033 mentionem
1016 2977 1126 3014 non
1163 2960 1334 3026 facit).

826 3046 869 3115 4’)
907 3048 973 3102 cf.
1007 3048 1211 3102 Andoc.
1240 3049 1308 3102 de
1336 3051 1499 3116 myst.
1530 3047 1563 3115 ξ
1590 3048 1686 3111 22;
1718 3047 1889 3116 [Lys]
1920 3048 1998 3101 VI
2028 3048 2112 3103 23.
2143 3048 2237 3111 36;
2276 3048 2400 3116 Lys.
2432 3047 2566 3100 XIII
2603 3048 2697 3110 55;
2737 3045 2884 3099 Plut.
2925 3043 3105 3098 Aloib.

641 3135 785 3190 XXI.
826 3137 1018 3192 Pericl.
1057 3137 1261 3201 XXX1;
1301 3138 1472 3192 Thuc.
1508 3138 1586 3192 VI
1605 3138 1743 3201 60,3.

826 3223 875 3293 ⁸)
914 3226 1138 3280 omnino
1174 3226 1260 3289 iis,
1299 3226 1397 3295 qui
1435 3226 1580 3281 cives
1616 3244 1727 3281 non
1764 3229 1923 3281 erant
1934 3248 1948 3291 ;
1987 3225 2055 3280 cf.
2095 3224 2299 3280 Andoc.
2339 3224 2405 3279 de
2441 3227 2603 3293 myst.
2651 3225 2729 3286 11.
2778 3223 2855 3278 12.
2890 3224 2977 3277 15.
3005 3222 3105 3282 34;

641 3314 764 3383 Lys.
802 3315 935 3369 XIII
973 3317 1067 3379 263
1105 3316 1179 3370 ad
1213 3317 1361 3371 hunc
1397 3316 1577 3373 locum
1624 3317 1690 3371 cf.
1737 3315 2096 3385 Frohbergeri
2143 3318 2201 3370 et
2247 3313 2680 3369 Rauchensteini
2717 3311 3101 3367 adnotationes

641 3404 713 3457 ad
752 3404 783 3470 ξ
820 3404 906 3459 28.

822 3490 866 3559 ⁶)
902 3493 968 3546 In
1005 3493 1321 3548 universum
1358 3493 1593 3549 Heffter:
1645 3494 1781 3548 »Die
1827 3494 1959 3549 Ath.
2012 3493 2434 3549 Gerichtsverf.«
2493 3512 2546 3562 p.
2603 3493 2707 3546 235
2763 3493 2912 3545 recte
2964 3490 3107 3544 haec

640 3581 802 3636 dicit:
855 3581 1293 3652 »Mitschuldige,
1342 3583 1432 3637 die
1479 3582 1569 3638 die
1615 3583 1965 3638 Teilnehmer
2010 3601 2080 3638 an
2128 3583 2252 3637 dem
2301 3582 2647 3637 Verbrechen
2682 3580 2973 3644 verrieten‚
3020 3595 3099 3632 er·

639 3670 851 3725 hielten
888 3670 1354 3740 Straflosigkeit«.
1429 3672 1506 3726 Cf.
1547 3672 1718 3726 Thuc.
1755 3672 1836 3726 VI
1873 3672 1960 3737 27,
1978 3673 2027 3728 2.
2075 3672 2212 3737 60,3.
2255 3700 2318 3709 --
2360 3671 2615 3726 Ceterum
2652 3687 2721 3725 ex
2761 3670 2879 3739 [σε.
2917 3667 3105 3722 verbis

639 3760 773 3814 XIII
810 3760 897 3815 25.
936 3760 1003 3814 27
1055 3761 1287 3815 fortasse
1332 3761 1521 3831 colligi
1575 3764 1760 3830 potest
1797 3761 1971 3816 etiam
2016 3762 2076 3815 in
2126 3760 2347 3815 indiciis
2394 3758 2698 3814 deferendis
2753 3757 3103 3827 quaestiones

638 3866 918 3904 servorum
962 3852 1020 3903 et
1055 3849 1440 3904 libertinorum
1478 3850 1561 3917 (et
1598 3850 2043 3919 peregrinorum)
2080 3848 2373 3904 tormentis
2427 3847 2697 3903 adhibitis
2751 3847 2929 3902 factas
2986 3862 3107 3901 esse

639 3938 729 4005 (cf.
774 3939 902 3994 adn.
950 3938 1311 4008 Frohbergeri
1358 3939 1431 3993 ad
1473 3939 1598 4008 Lys.
1646 3939 1779 3992 XIII
1836 3940 1902 3993 27
1962 3942 2019 3993 et
2072 3936 2505 3992 Rauchensteini
2560 3936 2634 3990 ad
2666 3936 2791 4005 Lys.
2839 3935 2975 3989 XIII
3012 3935 3100 3990 27.

645 4029 745 4094 54;
774 4022 1029 4084 Scheibe:
1053 4029 1231 4099 ›Olig.
1251 4030 1545 4084 Umwfflz.‹
1569 4047 1621 4098 p.
1643 4031 1740 4093 51;
1769 4029 2016 4098 Lipsius:
2051 4029 2202 4082 »Ata
2230 4028 2412 4082 Proc.‹
2444 4045 2498 4095 p.
2527 4027 2632 4083 889
2653 4044 2771 4094 sqq.
2798 4026 2902 4079 896
2931 4024 3102 4092 sqq.);

645 4135 770 4172 cum
810 4122 999 4174 autem
1035 4122 1436 4174 tormentorum
1473 4122 1534 4172 in
1563 4119 1869 4188 Agoratum
1919 4117 2296 4172 adhibitorum
2340 4116 2498 4170 nulla
2543 4115 2755 4170 mentio
2807 4115 2925 4179 fiat,
2977 4117 3099 4182 pot·

637 4210 792 4262 estne
827 4224 895 4261 ex
931 4208 1037 4262 hac
1071 4226 1129 4263 re
1166 4207 1341 4263 conici
1378 4225 1445 4261 ex
1481 4207 1650 4262 servis
1688 4206 1766 4275 (et
1803 4205 2136 4277 peregrinis)
2182 4210 2240 4261 et
2274 4205 2551 4261 libertinis
2594 4203 2803 4259 indicia
2846 4201 3099 4257 facienti·

648 4296 752 4350 bus
789 4296 1128 4365 impunitate
1164 4291 1299 4352 data
1334 4314 1446 4352 non
1481 4315 1579 4367 per
1624 4300 1904 4352 tormenta
1947 4296 2263 4365 quaesitum
2309 4296 2460 4350 esse?
2507 4313 2580 4349 an
2623 4294 2682 4348 id
2731 4310 2843 4348 non
2886 4292 3103 4346 factum

647 4402 764 4440 esse
800 4385 1114 4455 putandum
1150 4388 1235 4440 est
1268 4388 1577 4455 propterea,
1614 4386 1761 4454 quod
1798 4386 2080 4455 Agoratus
2116 4402 2173 4439 se
2209 4384 2386 4440 civem
2423 4401 2537 4439 esse
2572 4382 3014 4454 ementiebatur?

830 4472 872 4541 ⁷)
913 4475 979 4530 cf.
1029 4475 1253 4529 tabulas
1312 4475 1626 4543 poletarum
1682 4473 1848 4543 [CJA.
1887 4476 1914 4528 I
1951 4475 2053 4528 277
2093 4492 2170 4528 vs.
2212 4475 2242 4528 7
2281 4473 2415 4543 sq.]‚
2463 4473 2662 4542 quibus
2717 4472 2890 4527 etiam
2945 4470 3103 4525 illius

636 4565 784 4620 bona
831 4565 1119 4636 publicata
1147 4581 1280 4625 ‚esse
1338 4568 1595 4635 apparet;
1645 4568 1712 4620 ct'.
1761 4564 1934 4620 etiam
1981 4564 2055 4619 CJ
2059 4565 2121 4618 A.
2160 4564 2288 4618 IVl
2344 4564 2473 4619 fasc.
2525 4564 2623 4617 alt.
2672 4581 2725 4617 n.
2775 4563 2877 4615 277
2890 4578 2940 4626 a,
2995 4560 3101 4613 im·

636 4653 829 4722 primis
867 4672 948 4717 ea,
989 4671 1131 4723 quae
1167 4652 1457 4708 Kirchhoff
1488 4653 1560 4708 ad
1595 4654 1742 4708 hunc
1778 4654 2012 4708 titulum
2050 4653 2357 4708 adnotavit.
