3567 5392
1844 419 1927 482 78

652 614 966 697 suffragio
1023 614 1248 699 populi
1305 585 1616 698 permisit.
1676 612 1891 697 Saepe
1938 612 2108 677 enim
2155 619 2419 678 senatus
2476 612 2639 677 satis
2687 611 2917 676 habuit
2962 617 3115 678 ante

649 722 1019 786 contionem
1079 729 1560 804 programmate
1624 719 2000 802 rogationes
2066 718 2151 783 ad
2215 718 2524 804 populum
2599 718 2905 785 ferendas
2969 739 3113 803 pro·

656 828 988 910 mulgasse
1037 835 1101 892 et
1128 827 1193 891 in
1232 826 1394 911 ipsis
1434 826 1732 909 comitiis,
1763 833 1833 891 ut
1866 825 1948 891 de
1977 826 2059 892 iis
2088 827 2279 891 rebus
2310 826 2798 909 disceptaretur,
2829 845 3112 891 curasse.

654 936 882 1017 Itaque
928 935 983 999 si
1023 935 1169 1017 quis
1199 933 1433 998 civium
1481 934 1885 1016 rogationem
1932 933 2020 997 ad
2064 932 2374 1017 populum
2420 934 2669 998 laturus
2717 943 2872 1017 erat,
2919 918 3138 998 anteav

653 1043 989 1126 „wpooodov
1019 1044 1367 1126 γράψασθαι
1397 1044 1546 1126 πρὸς
1575 1044 1687 1126 τὴν
1717 1043 1974 1126 ponz-rw
1995 1038 2044 1126 ¹)
2075 1059 2345 1104 necesse
2375 1037 2600 1124 erat.2)
2666 1040 2831 1103 Tum
2855 1039 3112 1104 demum

648 1147 782 1213 civi
809 1169 851 1213 a
888 1154 1118 1213 senatu
1147 1149 1212 1211 in
1243 1147 1603 1213 contionem
1631 1145 1947 1231 producto
1962 1146 2009 1225 3)
2034 1147 2435 1228 rogationem
2458 1151 2939 1231 programmate
2967 1165 3114 1230 pro·

652 1256 1011 1339 mulgatam
1052 1262 1117 1320 et
1162 1255 1649 1340 probuleumate
1698 1254 2074 1339 plerumque
2132 1254 2507 1320 instructam
2556 1254 2622 1318 in
2671 1254 2948 1320 comitiis
2995 1253 3109 1320 de-

656 1362 921 1428 fendere
950 1362 1149 1429 licuit.
1174 1363 1286 1427 Sin
1305 1363 1448 1446 quis
1469 1362 1873 1445 rogationem
1905 1382 1946 1425 a
1976 1367 2207 1426 senatu
2236 1381 2364 1425 non
2395 1360 2873 1446 promulgatam
2900 1380 3111 1444 neque

648 1468 1139 1553 probuleumate
1175 1471 1657 1553 comprobatam
1687 1467 1773 1533 ad
1802 1468 2109 1553 populum
2138 1469 2392 1551 tulerat,
2421 1475 2779 1555 παρανόμων
2811 1488 2953 1533 eum
2999 1488 3110 1533 ae-

652 1576 930 1642 cusandi
949 1576 1389 1660 unusquisque
1417 1575 1681 1664 ἐπίτιμος
1710 1582 2104 1660 potestatem
2121 1576 2430 1661 habuit.4)
2470 1575 2573 1640 Ad
2595 1595 2816 1640 omnes
2838 1594 2995 1640 sane
3014 1595 3114 1639 ro-

655 1683 959 1766 gationes
1006 1684 1072 1748 in
1118 1684 1396 1750 comitiis
1444 1705 1524 1748 ex
1571 1690 1836 1749 senatus
1885 1683 2177 1748 consulto
2225 1684 2397 1748 latas
2443 1703 2572 1748 non
2612 1682 2817 1749 solum
2858 1681 3113 1746 addita-

652 1797 872 1855 menta
908 1791 1217 1875 rogare,⁵)
1265 1791 1383 1856 sed
1416 1791 1608 1855 etiam
1640 1789 2131 1875 probuleumata
2168 1790 2412 1855 reicere
2453 1797 2518 1856 et
2546 1790 2734 1855 aliter
2764 1789 3112 1854 decernere

661 1897 902 1982 populo
950 1897 1211 1980 licuit.‘³)
1303 1897 1518 1980 Atque
1562 1897 1630 1962 id
1678 1917 1933 1980 quoque
1979 1896 2117 1961 fieri
2163 1897 2390 1981 potuit,
2436 1902 2507 1962 ut
2559 1916 2771 1961 novae
2822 1894 3114 1979 rogatio-

655 2024 775 2069 nes
804 2002 871 2068 in
908 2003 1072 2088 ipsis
1121 2004 1397 2070 comitiis
1446 2003 1531 2068 ad
1576 2003 1888 2089 populum
1934 2003 2264 2088 ferrentur,
2322 2002 2666 2068 dummodo
2715 2001 2805 2067 ad
2851 2022 2984 2085 eas,
3031 2001 3114 2066 de

653 2111 891 2194 quibus
939 2112 1274 2195 agebatur,
1319 2131 1424 2177 res
1479 2111 1893 2196 pertinerent.
1909 2108 1959 2196 ⁷)
2052 2110 2451 2193 Rogationes
2500 2117 2714 2176 autem
2762 2109 2848 2174 ad
2894 2129 3001 2175 res
3047 2108 3114 2172 in

657 2224 1139 2302 programmate
1203 2218 1650 2303 promulgatas
1716 2239 1843 2283 non
1911 2223 2284 2302 spectantes
2350 2237 2559 2300 neque
2623 2217 3111 2301 probuleumate

658 2325 1011 2390 instructas
1058 2326 1124 2389 in
1172 2325 1449 2390 comitiis
1503 2326 1672 2391 ferre
1727 2325 1994 2390 licuisse
2050 2344 2246 2407 nego;
2313 2344 2433 2389 nec
2499 2323 2582 2389 de
2636 2323 2829 2388 venia
2895 2321 3114 2387 danda

663 2431 786 2497 hoc
832 2433 976 2497 loco
1025 2432 1301 2515 cogitari
1346 2452 1544 2518 posse
1590 2453 1707 2517 per
1755 2452 1827 2497 se
1874 2431 2084 2516 ipsum
2133 2431 2548 2514 intellegitur.
2631 2431 2802 2498 Nam
2846 2428 2903 2495 is
2952 2428 3112 2493 civis

654 2539 838 2605 solus
877 2532 1219 2622 illegitima
1264 2539 1381 2603 illa
1425 2540 1677 2604 ratione
1724 2539 2126 2621 rogationem
2175 2538 2314 2618 fert,
2363 2539 2472 2620 qui
2521 2543 2788 2604 senatus
2835 2535 3112 2601 auctori-

655 2651 797 2710 tate
863 2645 1105 2710 omissa
1176 2645 1581 2730 illegitimam
1648 2644 1976 2729 quandam
2040 2645 2445 2728 rogationem
2511 2643 2768 2709 facilius
2835 2663 2905 2708 se
2969 2662 3112 2727 per-

661 2751 944 2817 laturum
983 2760 1220 2838 sperat,
1257 2752 1442 2836 isque
1470 2753 1725 2819 veniam
1757 2791 1840 2799 —
1876 2752 2132 2818 etiamsi
2179 2752 2260 2816 de
2308 2772 2389 2817 ea
2434 2756 2659 2836 posset
2705 2749 2978 2833 cogitari
3026 2784 3112 2797 —

839 2931 879 2998 ¹)
919 2930 999 2986 Cf.
1040 2931 1192 2986 Dem.
1231 2931 1412 2985 XXIV
1449 2932 1534 2985 48.

838 3018 879 3085 2“)
919 3021 984 3074 cf.
1030 3020 1242 3074 »Wien.
1281 3020 1467 3074 Studet
1509 3020 1731 3083 V1151;
1771 3020 2007 3089 populus
2043 3020 2161 3088 ipse
2197 3016 2432 3089 πρόσοδον
2472 3019 2718 3073 decernit
2753 3015 2966 3071 homini
3002 3015 3112 3084 pri·

652 3113 786 3163 vato
823 3127 869 3164 e.
909 3127 953 3163 c.
993 3109 1133 3163 CJA.
1173 3111 1199 3162 I
1236 3111 1321 3162 31.

840 3196 881 3263 ⁸)
919 3198 985 3252 cf.
1024 3198 1166 3251 And.
1204 3198 1271 3252 de
1308 3201 1473 3267 myst.
1518 3200 1644 3261 1113
1682 3199 1850 3253 schol.
1889 3198 1962 3251 ad
1998 3198 2277 3267 Aristoph.
2315 3215 2435 3267 pac.
2475 3198 2596 3252 905.

839 3286 886 3353 ⁴)
925 3286 1097 3341 Velut
1134 3287 1547 3356 Thrasybulum
1587 3289 1658 3342 ab
1697 3288 1939 3343 Archino
1976 3286 2279 3357 παρανόμων
2330 3291 2648 3342 accusatum
2695 3304 2808 3341 esse
2857 3286 3109 3355 legimuS,

651 3376 805 3443 quod
842 3377 1047 3444 absque
1084 3379 1306 3430 senatus
1358 3377 1692 3432 auctoritate
1737 3377 2083 3448 rogationem
2130 3378 2202 3431 ad
2245 3377 2510 3446 populum
2556 3377 2800 3440 tulisset3
2849 3376 2913 3429 cf.
2963 3375 3111 3427 Plut.

658 3465 760 3518 vit.
799 3465 846 3517 X
886 3468 1022 3519 orat.
1062 3483 1117 3533 p.
1156 3466 1261 3520 835
1298 3484 1405 3534 sq.;
1453 3466 1650 3521 Meier:
1705 3467 1803 3521 »de
1847 3467 1972 3520 bon.
2017 3467 2231 3521 damus
2282 3485 2334 3535 p.
2374 3467 2495 3520 121.
2588 3465 2668 3520 cf.
2726 3465 2898 3519 etiam
2956 3464 3111 3517 Dem.

655 3554 784 3608 adv,
826 3554 1055 3610 Androt.
1094 3559 1258 3621 orat.;
1299 3556 1567 3610 Androtio
1604 3557 1749 3610 enim
1791 3556 2138 3625 rogationem
2193 3558 2416 3610 senatus
2471 3555 2805 3610 auctoritate
2858 3553 3113 3622 neglecta

651 3643 809 3711 apud
842 3645 1107 3712 populum
1144 3645 1467 3713 pertulerat,
1507 3645 1601 3699 sed
1636 3646 1805 3714 paulo
1840 3647 1966 3714 post
2001 3645 2062 3699 in
2099 3645 2185 3699 ius
2211 3648 2440 3700 vocatus
2477 3647 2576 3699 est.

841 3731 883 3797 ⁶)
922 3733 1000 3786 cf(
1028 3732 1325 3806 Thumser:⁴
1363 3734 1460 3788 »de
1497 3734 1599 3788 civ.
1643 3735 1770 3789 Ath.
1809 3752 1994 3788 muns
2036 3752 2088 3803 p.
2131 3736 2261 3800 1423
2300 3734 2485 3789 Miller
2520 3735 2556 3788 1.
2596 3735 2634 3790 l.
2673 3752 2724 3802 p.
2766 3734 2852 3786 43.

840 3820 888 3888 ⁶)
928 3822 993 3875 cf.
1014 3823 1239 3883 Mittcil.
1261 3823 1311 3876 d.
1333 3823 1506 3877 dtsch.
1530 3823 1800 3878 archaeol.
1821 3824 1957 3877 Inst.
1979 3824 2114 3878 VIII
2136 3824 2255 3878 213.
2279 3825 2382 3878 216
2395 3846 2408 3890 ;
2430 3824 2624 3878 Busolt
2643 3826 2674 3886 ξ
2706 3823 2806 3877 190
2834 3841 2889 3891 Ρ.
2923 3822 3040 3885 172,
3063 3822 3110 3874 1.
3193 3815 3198 3819 ’

845 3909 887 3977 ⁷)
926 3910 1080 3976 Quod
1116 3912 1162 3965 si
1209 3913 1393 3976 fiebat,
1441 3929 1601 3982 saepe
1640 3913 1769 3976 (non
1817 3930 2045 3982 semper,
2090 3916 2157 3967 ut
2192 3914 2388 3968 Hartel
2426 3914 2573 3979 vult3
2620 3913 2686 3967 cf.
2725 3928 2771 3966 e.
2809 3929 2855 3966 c.
2899 3910 3107 3964 »Wien.

651 3999 847 4053 stud«
889 4000 916 4053 I
934 4000 1059 4069 290)
1097 4018 1212 4055 rem
1247 4002 1483 4070 populus
1521 4002 1593 4056 ad
1629 4005 1885 4057 senatum
1921 4002 2200 4068 reiciebat,
2237 4006 2304 4057 ut
2347 4003 2767 4071 probuleumate
2810 4001 2910 4055 ille
2953 4017 3110 4068 roga·

649 4087 868 4143 tionem
904 4090 1203 4144 instrueret
1244 4090 1334 4158 [cf.
1366 4090 1582 4146 Grilbert
1618 4092 1655 4144 1.
1693 4093 1732 4145 1.
1771 4092 1798 4145 I
1835 4110 1887 4161 p.
1920 4092 2042 4157 278,
2064 4093 2096 4146 3
2108 4114 2122 4157 ;
2151 4092 2395 4159 Busolt§
2429 4093 2526 4147 190
2556 4110 2610 4161 Ρ.
2644 4092 2761 4155 172,
2783 4089 2859 4158 2].
2913 4091 3111 4157 Itaque

655 4176 731 4240 id,
762 4179 909 4246 quod
934 4179 995 4232 L.
1024 4179 1298 4233 Schmidt:
1342 4180 1439 4235 »de
1469 4180 1726 4235 auctorit.
1754 4166 2187 4250 προβὸυλεύμᾳτος
2215 4181 2275 4234 in
2301 4181 2512 4250 republ.
2538 4182 2772 4236 Athens
2795 4179 2935 4248 (Ind.
2963 4179 3113 4233 Lect.

650 4267 831 4322 Marb.
870 4267 1071 4336 187617)
1108 4286 1162 4337 p.
1191 4269 1271 4339 Vl
1308 4268 1468 4324 dicit:
1507 4270 1725 4324 licuisse
1762 4270 1999 4324 Athenis
2035 4270 2210 4324 cuivis
2246 4270 2355 4325 civi
2390 4270 2706 4340 rogationes
2741 4270 2995 4340 neglecto
3031 4285 3110 4322 se-

657 4359 793 4410 natu
835 4356 907 4411 ad
932 4348 1197 4425 populum
1226 4357 1383 4423 ferre,
1423 4358 1716 4413 dummodo
1751 4360 2005 4428 populus,
2042 4360 2368 4428 priusquam
2404 4360 2471 4415 de
2516 4377 2575 4415 re
2611 4360 2941 4424 decerneret,
2987 4374 3112 4412 eam

659 4445 731 4498 ad
775 4448 1031 4499 senatum
1066 4446 1308 4512 reiceret,
1355 4451 1421 4502 ut
1465 4447 1513 4502 is
1550 4465 1673 4502 eam
1709 4448 2040 4504 deliberaret
2075 4449 2389 4518 iterumque
2425 4450 2628 4519 populo
2664 4451 2992 4518 proponeret
3032 4446 3114 4515 [id

647 4534 803 4602 quod
828 4534 1035 4588 Miller:
1071 4534 1168 4588 »de
1195 4534 1457 4590 decretis«
1485 4554 1538 4605 p.
1568 4541 1635 4591 54
1664 4555 1774 4593 non
1803 4537 2042 4607 probat],
2073 4539 2176 4592 hoc
2201 4539 2362 4592 modo
2391 4538 2845 4593 commutandum
2863 4540 3015 4606 put0,
3044 4540 3112 4592 ut

647 4625 967 4678 statuamus
998 4623 1213 4678 homini
1240 4624 1459 4693 privato
1485 4626 1793 4696 rogationis
1822 4628 1894 4681 ad
1929 4628 2197 4697 populum
2233 4627 2490 4682 ferendae
2526 4645 2693 4681 causa
2728 4631 2950 4682 senatus
2987 4645 3111 4697 pro-

647 4712 975 4768 buleumate
1011 4730 1146 4782 opus
1182 4730 1294 4767 non
1331 4713 1499 4769 fuisse
1545 4715 1607 4768 in
1643 4732 1709 4770 ea
1744 4732 1820 4781 re,
1859 4716 1926 4771 de
1963 4734 2076 4785 qua
2111 4716 2254 4770 forte
2290 4720 2550 4786 ageretur
2585 4716 2647 4770 in
2683 4716 2938 4771 comitiis.
