3567 5392
1896 444 1982 508 58

712 635 883 701 ἄδεια
929 637 1149 702 danda
1198 637 1334 721 fuit,
1383 636 1647 702 divitias
1695 637 1961 703 deorum
2009 659 2163 704 suas
2213 637 2452 721 fecerit,
2500 656 2686 701 nemo
2719 636 2854 703 fere
2885 644 2984 702 est
3013 636 3172 720 quin

719 745 986 809 noverit.
1077 745 1161 808 Et
1207 744 1389 809 initio
1438 744 1695 827 quidem
1741 745 2059 829 pecuniae
2107 744 2367 810 debitae
2413 743 2932 827 reddebantur,¹)
2980 744 3174 809 Pelo·

713 851 1109 935 ponnesiaco
1144 859 1356 916 autem
1390 851 1559 917 bello
1592 854 1886 916 confecto
1918 853 2149 935 omnia,
2177 872 2303 915 non
2331 850 2523 915 modo
2553 851 2870 936 pecuniae
2918 871 3164 926 sacrae,

713 957 829 1022 sed
888 957 1082 1022 etiam
1139 978 1340 1022 aurea
1397 966 1462 1023 et
1516 964 1829 1041 argentea
1885 959 1950 1022 in
2017 957 2489 1039 Parthenone2)
2555 977 2718 1023 vasa
2781 964 3175 1041 consumpta

714 1063 986 1147 fuerunt,
1036 1070 1101 1128 et
1147 1064 1212 1128 in
1257 1064 1381 1129 hoc
1426 1064 1768 1148 naufragio
1831 1085 2039 1147 neque
2095 1073 2290 1149 capnt
2346 1085 2556 1147 neque
2615 1084 2852 1130 usurae
2906 1064 3172 1148 pecuni-

718 1191 898 1235 arum
947 1190 1272 1237 sacrarum
1323 1171 1386 1236 in
1437 1173 1693 1236 aeraria
1741 1173 2006 1237 deorum
2054 1171 2461 1247 redierunt.³)

891 1383 1039 1447 Hc.
1098 1385 1441 1469 Populus
1471 1385 1539 1449 01
1569 1385 1865 1450 veniam
1898 1385 2061 1470 dat,
2093 1386 2220 1468 qui
2256 1385 2549 1468 (quinto
2580 1384 2883 1467 quidem
2915 1405 2973 1449 a.
3006 1383 3173 1448 Chr.

711 1511 770 1555 n.
794 1492 1138 1571 saeculo)
1162 1489 1503 1579 εἰσφοράν
1532 1499 1945 1574 rogaturus
1966 1492 2239 1575 velqui
2269 1493 2546 1556 civium
2575 1511 2698 1556 res
2729 1491 3174 1556 familiares

713 1597 1129 1680 illegitime
1178 1598 1236 1662 h.
1289 1619 1341 1665 0.
1394 1598 1711 1663 tributis
1761 1599 2417 1664 extraordinariis
2458 1598 2993 1664 deminuturus
3034 1605 3179 1663 est.

1033 1705 1338 1770 Venimus
1385 1705 1470 1769 ad
1525 1706 1723 1769 aliam
1770 1705 1970 1779 ἀδείας
2026 1706 2328 1791 00001001.

892 1812 1025 1876 Iam
1074 1812 1365 1896 pluribus
1412 1812 1573 1877 10010
1621 1812 2229 1897 demonstravimus,
2289 1833 2482 1896 quam
2531 1812 2725 1876 anxio
2785 1813 2998 1876 animo
3054 1832 3173 1897 po-

712 1919 902 2004 pulus
949 1919 1436 1984 Atheniensium
1494 1918 1564 1983 id
1629 1920 1852 2003 egerit,
1918 1927 1988 1985 nt
2051 1925 2121 1985 τὸ
2186 1926 2381 1985 κοινόν
2448 1919 2766 2003 integrum
2832 1925 3173 2000 ratumque

711 2036 908 2092 esset.
1014 2025 1288 2090 Omnino
1350 2025 1517 2090 enim
1571 2025 1844 2091 Athenis
1901 2026 2059 2091 nihil
2114 2025 2249 2091 fere
2307 2026 2605 2092 subtilius
2662 2033 2728 2091 et
2791 2025 3174 2109 diligentius

714 2133 965 2216 legibus
1027 2139 1450 2216 temperatum
1519 2131 1638 2196 fuit
1714 2153 1905 2216 quam
1971 2153 2076 2200 res
2142 2133 2229 2197 ad
2294 2134 2603 2218 pecunias
2664 2133 2963 2218 publicas
3024 2152 3170 2217 per-

712 2241 1009 2324 tinenteS,
1052 2259 1219 2322 quae
1250 2259 1375 2303 non
1405 2238 1595 2303 modo
1631 2260 1803 2322 cura,
1835 2261 2053 2306 verum
2084 2240 2279 2305 etiam
2309 2240 2679 2324 suspicione
2710 2247 2774 2305 et
2804 2239 3176 2304 diffidentia-

713 2346 1259 2412 custodiebantur.
1332 2347 1559 2429 Itaque
1604 2347 1883 2431 populus
1931 2349 2102 2411 omni
2158 2346 2347 2412 modo
2407 2348 2672 2431 curavit,
2729 2367 2811 2412 ne
2854 2351 2924 2412 τὸ
2969 2352 3169 2411 κοινόν

714 2454 1053 2536 illegitime
1100 2453 1578 2518 deminueretur
1632 2473 1795 2518 neve
1842 2453 2197 2538 illegitime,
2246 2454 2495 2520 scilicet
2539 2454 2836 2539 pecuniis
2884 2453 3174 2536 deorum,

670 2548 684 2563 ²
714 2567 1077 2646 augeretur,
1134 2559 1218 2623 ad
1267 2579 1432 2643 quas
1479 2560 1854 2644 rogationes
1901 2560 2204 2626 ferendas
2235 2561 2408 2645 ἀδείᾳ
2439 2580 2603 2645 0000
2632 2561 2835 2627 fnisse
2863 2560 3169 2625 diximus.

617 2688 620 2689 ⁷
715 2666 893 2731 Idem
941 2674 1157 2732 autem
1204 2666 1423 2751 valuit,
1474 2667 1529 2732 si
1561 2667 1704 2750 quis
1745 2672 1814 2732 τὸ
1854 2674 2048 2733 κοινόν
2086 2668 2428 2751 illegitime
2464 2667 2546 2733 de
2585 2668 2820 2732 civium
2855 2666 3175 2752 pecuniiS,

712 2775 774 2842 h.
826 2796 879 2840 e.
925 2773 1191 2862 εἰσφορᾷ,
1240 2775 1466 2857 augeri
1512 2775 1734 2842 voluit.

894 2881 1165 2946 Constat
1211 2901 1252 2945 a
1298 2882 1537 2966 populo
1586 2882 1651 2946 in
1700 2882 1963 2946 summis
2012 2881 2164 2947 belli
2212 2882 2695 2947 calamitatibus
2724 2880 3176 2965 psephismate

714 2987 1298 3055 extraordinarium
1321 2997 1383 3053 et
1404 3007 1484 3052 ex
1505 3008 1701 3053 censu
1722 2989 2180 3053 conferendum
2202 2989 2507 3053 tributum
2527 2987 2862 3078 (εἰσφοράν)
2883 2989 3174 3073 impera-

717 3103 849 3160 tum
893 3116 1058 3163 esse.
1120 3093 1309 3172 Quod
1357 3096 1664 3160 tributum
1714 3104 1897 3162 extra
1944 3097 2227 3161 ordinem
2276 3098 2343 3161 in
2387 3096 2559 3162 bello
2608 3103 2721 3160 aut
2765 3097 2919 3162 belli
2966 3115 3176 3161 causa

715 3201 1198 3288 praestandum,
1235 3223 1378 3266 cum
1405 3222 1534 3266 non
1571 3202 1636 3267 in
1685 3204 1981 3287 capita,⁴)
2032 3204 2150 3269 sed
2197 3205 2260 3267 in
2309 3224 2414 3270 res
2461 3202 2881 3283 familiares5)
2932 3203 3174 3267 civium

712 3311 1163 3395 imponeretur,
1211 3309 1341 3393 ipsi
1387 3309 1699 3393 inquilini,
1748 3310 1900 3392 quin
1950 3311 2147 3375 etiam
2194 3311 2468 3377 heredes
2514 3310 2692 3377 filiae
2731 3318 2795 3376 et
2832 3309 3063 3395 pupilli
3100 3311 3168 3373 in

719 3416 956 3482 civium
1002 3437 1337 3483 numerum
1382 3417 1663 3480 nondum
1713 3417 2026 3501 adscripti
2072 3418 2566 3502 pensitabant,⁶)
2612 3438 2822 3501 neque
2869 3417 3169 3499 cuiquam

715 3524 1090 3592 immunitas
1122 3524 1262 3589 0100
1294 3523 1587 3607 dabatur,
1603 3524 1651 3609 ⁷)
1683 3544 1890 3607 neque
1921 3525 2035 3608 eis,
2065 3526 2297 3607 quibus
2347 3525 2573 3590 eodem
2613 3535 2899 3609 tempore
2937 3543 3173 3588 munus

713 3752 878 3807 πόλιν.
902 3798 914 3810 .
939 3793 977 3816 .,
1017 3773 1160 3823 quae
1195 3755 1462 3824 pecuniae
1494 3756 1639 3809 Deae
1669 3756 1917 3810 redditae
1955 3761 2108 3819 sunt3
2149 3757 2214 3810 cf.
2256 3757 2543 3811 Kirchhoff
2571 3758 2609 3811 l.
2657 3758 2692 3810 1.
2740 3774 2792 3825 p.
2830 3757 2926 3819 443
2975 3755 3174 3809 Busolt

713 3846 744 3912 ξ
782 3846 885 3899 214
923 3862 975 3913 p.
1019 3846 1119 3898 190
1159 3845 1283 3898 adn.
1330 3847 1408 3898 10.

899 3932 940 4002 ²)
979 3934 1044 3988 cf.
1083 3935 1654 3988 Hauvette-Besnault
1689 3951 1742 4002 p.
1790 3935 1903 3987 133.

897 4022 940 4089 ⁸)
978 4025 1059 4077 De
1095 4024 1308 4078 aerario
1345 4023 1536 4078 sociali
1573 4023 1640 4078 cf.
1679 4023 1739 4076 in
1777 4025 2092 4077 universum
2138 4025 2327 4079 Busolt
2364 4026 2394 4090 ξ
2432 4026 2536 4078 214
2573 4043 2626 4094 0.
2674 4026 2786 4077 190.
2827 4053 2895 4062 -
2935 4025 3014 4078 De
3043 4040 3170 4076 con·

713 4114 926 4168 dicione
961 4114 1043 4167 rei
1079 4112 1334 4181 publicae
1364 4112 1786 4168 Atheniensium
1815 4117 1939 4182 post
1967 4114 2172 4168 bellum
2207 4113 2731 4183 Peloponnesiacum
2760 4113 3068 4168 confectum
3098 4112 3167 4166 cf.

714 4203 1154 4257 Biichsenschiitz
1190 4220 1243 4271 p.
1286 4203 1388 4257 598
1425 4220 1544 4272 sqq.
1979 4253 1984 4259 .

897 4293 940 4358 ⁴)
978 4293 1044 4346 cf.
1082 4293 1237 4346 Dem.
1277 4293 1434 4346 XXII
1471 4295 1556 4347 54.
1595 4293 1775 4345 XXIV
1823 4294 1933 4346 166.

896 4379 940 4442 ⁶)
977 4382 1043 4435 cf.
1083 4381 1275 4435 Meier:
1320 4381 1417 4436 »de
1453 4382 1576 4436 bon.
1617 4382 1832 4436 damn«
1875 4400 1927 4451 p.
1973 4382 2088 4436 145.

892 4469 936 4538 ⁶)
974 4470 1037 4524 cf.
1078 4471 1230 4524 Dem.
1258 4471 1377 4524 'XX
1418 4473 1504 4524 26.
1553 4471 1646 4536 28;
1696 4471 1819 4540 Lys.
1858 4472 1964 4524 XII
2004 4473 2096 4537 20;
2149 4473 2366 4527 Gilbert
2401 4472 2427 4525 I
2469 4474 2589 4535 345,
2631 4473 2688 4537 53
2730 4472 3023 4525 Thumser:
3070 4471 3173 4524 »de

712 4561 814 4615 civ.
858 4561 986 4614 Ath.
1025 4578 1208 4615 mun«
1250 4578 1302 4629 p.
1346 4562 1463 4624 11⁸,
1512 4564 1552 4615 1.
1600 4590 1655 4599 —
1706 4563 1780 4614 De
1829 4562 2041 4616 tributo
2088 4562 2523 4616 extraordinario
2568 4562 2861 4631 inquilinis
2904 4562 3172 4631 imposito

711 4650 778 4704 ef.
825 4650 1036 4704 »Wien.
1074 4648 1262 4704 Sinda
1305 4649 1360 4702 II
1396 4667 1449 4718 p.
1493 4651 1618 4713 1913
1658 4650 1791 4704 ibid.
1833 4651 1939 4705 VII
1976 4653 2044 4705 55
2087 4669 2165 4719 sq.

901 4738 943 4805 ⁷)
983 4740 1049 4794 cf.
1092 4740 1244 4793 Dem.
1285 4740 1385 4792 XX
1432 4741 1510 4792 18.
