3567 5392
1812 374 1941 438 110

644 569 922 645 tiebant;
970 568 1144 635 ἄδεια
1191 589 1344 634 vero
1404 574 1681 656 ψήφισμα
1735 567 1825 634 ἐπ’
1875 570 2046 654 ἀνδρί
2093 574 2209 646 est,
2260 566 2317 633 h.
2367 588 2422 634 e.
2471 567 2929 652 populiscitum
2980 567 3108 633 sin-

648 676 820 760 gulis
866 676 1245 760 irrogatum,
1315 675 1453 741 sive
1524 675 1607 741 de
1653 675 1813 741 iuris
1859 675 2102 760 publici
2147 675 2346 740 Attici
2408 675 2546 741 sive
2602 673 2685 740 de
2729 675 2906 743 iuris.
2955 694 3105 757 gen·

648 783 807 848 tium
868 782 1163 847 instituto
1237 782 1471 865 agitur.
1580 782 1876 865 Namque
1951 781 2174 868 etiam,
2250 789 2319 847 ut
2396 801 2594 866 supra
2669 780 3110 847 demonstravi

646 895 736 975 (p.
772 891 891 957 101
927 892 1116 973 sqq.)‚
1168 889 1529 974 peregrinis
1578 890 1788 962 ἀδείας
1831 888 2242 974 privilegium
2289 887 2544 953 videtur
2590 888 2896 952 tributum
2942 907 3108 973 esse,

648 996 705 1062 si
762 996 865 1061 cui
922 997 1200 1081 populus
1257 996 1672 1062 securitatem
1727 996 1979 1061 itineris
2025 994 2309 1061 faciendi
2365 996 2471 1061 vel
2527 994 2725 1059 fidem
2778 995 3107 1079 publicam

649 1101 1009 1169 concedere
1074 1104 1355 1186 volebat3
1434 1102 1550 1169 sed
1614 1124 1765 1168 num
1829 1123 1958 1168 vox
2013 1103 2213 1176 ἀδείας
2261 1102 2653 1186 generaliter
2698 1102 3108 1186 privilegium

649 1210 1016 1276 securitatis
1081 1211 1440 1295 peregrinis
1507 1230 1861 1277 concessae
1906 1211 2012 1275 vel
2058 1210 2231 1275 idem
2289 1209 2463 1293 quod
2521 1208 2857 1298 ἀσφαλείας
2914 1209 3108 1295 privi-

648 1316 888 1399 legium
955 1317 1362 1402 significarit,
1429 1337 1546 1403 pro
1615 1324 1790 1383 certo
1859 1316 1989 1382 dici
2051 1337 2180 1381 non
2244 1322 2480 1401 potest.
2596 1315 2692 1381 Ac
2760 1315 3107 1401 scriptores

656 1422 917 1505 quidem
984 1422 1327 1489 discrimen
1392 1424 1618 1490 horum
1682 1426 2023 1491 verborum
2085 1445 2215 1490 non
2273 1444 2527 1510 semper
2583 1424 3108 1508 observaverunt,

655 1528 773 1594 sed
822 1530 1204 1614 saepissime
1252 1551 1331 1596 ea
1379 1530 1900 1613 confuderunt;¹)
1931 1539 2005 1597 at
2047 1531 2217 1596 tituli
2255 1551 2452 1615 supra
2481 1529 2667 1596 allati
2698 1550 2953 1615 semper
2979 1531 3107 1615 pri·

649 1634 960 1719 vilegium
1034 1637 1397 1703 securitatis
1473 1637 1827 1703 artificibus
1904 1658 2255 1704 concessae
2321 1658 2478 1702 voce
2554 1636 2905 1726 ἀσφαλείας,
2979 1656 3108 1703 non

650 1741 876 1821 ἀδείας,
926 1744 1310 1827 significant.
1368 1744 1495 1822 Qui
1542 1744 1710 1810 tituli
1751 1745 2007 1811 etiamsi
2036 1745 2464 1829 posteriorum
2494 1751 2849 1829 temporum
2880 1750 3044 1828 sunt,
3056 1743 3106 1824 ²)

649 1850 882 1932 quibus
939 1851 1234 1917 instituta
1290 1851 1554 1935 publica
1609 1852 1822 1935 magis
1877 1852 2217 1935 magisque
2272 1871 2377 1917 res
2442 1852 2671 1917 inanes
2734 1849 2980 1916 fiebant
3044 1857 3109 1916 et

654 1955 812 2022 iuris
858 1957 1100 2042 publici
1148 1978 1227 2023 ac
1273 1958 1430 2023 iuris
1478 1958 1767 2041 gentium
1814 1959 2108 2024 instituta
2155 1957 2795 2041 significationesque
2832 1957 2999 2023 inter
3037 1977 3109 2023 se

654 2063 1237 2143 confundebantur,
1286 2072 1503 2131 tamen
1548 2065 1762 2131 iustae
1809 2066 2142 2150 formulae,
2188 2064 2256 2129 id
2305 2064 2477 2147 quod
2533 2065 2893 2151 scripturae
2946 2064 3108 2150 lapi-

651 2170 878 2236 dariae
933 2180 1033 2238 est
1077 2173 1423 2257 proprium,
1471 2173 1537 2236 in
1584 2172 1665 2238 iis
1711 2193 1917 2255 usque
1966 2171 2052 2237 ad
2098 2172 2325 2237 ultima
2373 2171 2768 2237 Graecitatis
2815 2178 3107 2256 tempora

650 2279 971 2344 reservari
1032 2279 1349 2344 solebant.
1440 2280 1670 2363 Itaque
1733 2280 2048 2345 incertum
2113 2286 2239 2364 est,
2293 2300 2446 2344 num
2502 2279 2884 2344 histrionum
2945 2279 3107 2344 illud

652 2386 1021 2451 securitatis
1061 2385 1471 2470 privilegium
1516 2386 1833 2451 'vocabulo
1879 2386 2086 2459 ἀδείας
2131 2386 2408 2452 Athenis
2460 2384 2891 2469 significatum
2942 2387 3042 2452 sit.
3054 2385 3105 2465 8)

651 2490 785 2557 Sed
830 2492 994 2558 haec
1039 2492 1370 2558 hactenus

828 2687 1001 2753 Dedi
1048 2688 1344 2774 equidem
1393 2709 1674 2774 operam,
1732 2696 1803 2755 ut
1859 2689 2071 2753 omnia
2130 2688 2334 2761 ἀδείας
2390 2708 2630 2772 genera
2684 2708 3106 2773 recenserem,

653 2815 823 2877 quae
870 2801 983 2860 aut
1029 2815 1071 2860 a
1119 2795 1543 2880 scriptoribus
1588 2795 1916 2862 veteribus
1964 2802 2541 2861 commemorantur
2579 2802 2692 2860 aut
2739 2795 3107 2861 coniectura

654 2901 876 2986 colligi
921 2911 1212 2988 possunt.
1307 2903 1492 2968 Licet
1538 2903 1671 2968 alia
1716 2903 2278 2988 praetermiserim,
2326 2903 2460 2968 alia
2507 2901 2676 2969 falso
2723 2901 3105 2983 adiecerim3

654 3014 869 3073 tamen
900 3008 970 3072 id
1000 3030 1168 3074 nunc
1199 3016 1373 3074 certo
1406 3008 1913 3075 demonstratum
1941 3030 2088 3075 esse
2118 3018 2294 3095 put0,
2332 3009 2505 3091 quod
2540 3010 2804 3075 Platner
2831 3009 2962 3074 iam
2991 3010 3105 3074 ob-

652 3134 838 3180 scure
886 3114 1051 3181 dixit
1097 3117 1347 3200 [„Proc.
1394 3137 1453 3181 u.
1499 3116 1604 3182 Kl.
1653 3117 1755 3182 bei
1806 3116 1931 3181 den
1973 3117 2142 3183 Att.“
2176 3117 2208 3180 I
2234 3117 2418 3200 445]:
2467 3116 2678 3182 ἄδειαν
2723 3117 2923 3181 multo
2973 3135 3104 3180 cre-

651 3221 827 3287 brius
882 3243 923 3287 a
977 3223 1218 3308 populo
1283 3222 1772 3290 Atheniensium
1837 3223 2187 3309 petendam
2243 3223 2447 3289 fuisse
2503 3223 2607 3288 vel
2662 3223 2862 3289 multo
2908 3223 3105 3288 latius

652 3329 947 3411 patuisse
1001 3330 1067 3394 in
1121 3331 1259 3396 iure
1312 3330 1548 3413 Attico,
1607 3351 1803 3413 quam
1846 3329 2139 3395 homines
2187 3329 2416 3395 doctos
2464 3329 2619 3394 olim
2665 3328 3102 3409 credidisse.⁴=)

829 3436 904 3499 In
926 3435 1124 3501 Attici
1150 3457 1309 3502 sane
1327 3438 1486 3502 iuris
1508 3437 1781 3503 scientia
1801 3436 2265 3522 pertractanda
2287 3436 2553 3501 difficile
2574 3442 2675 3502 est
2694 3444 2908 3502 certas
2929 3442 3104 3502 artes

652 3549 1039 3627 construere,
1059 3564 1187 3609 non
1209 3544 1412 3609 solum
1445 3544 1616 3626 quod
1644 3545 1952 3610 memoria
1980 3551 2114 3610 tam
2143 3564 2376 3609 manca
2404 3550 2469 3609 et
2496 3543 2811 3609 lacunosa
2842 3550 2956 3627 est,
2987 3543 3105 3610 sed

651 3649 848 3713 etiam
870 3650 1041 3732 quod
1063 3651 1163 3715 ius
1186 3658 1248 3716 et
1268 3650 1458 3715 civile
1479 3657 1544 3716 et
1561 3651 1888 3735 publicum
1911 3671 1991 3716 ex
2019 3651 2292 3735 singulis
2322 3651 2577 3734 legibus
2607 3650 3013 3717 coniunctum
3044 3657 3109 3717 et

835 3863 874 3932 ι)
913 3865 993 3919 De
1047 3864 1346 3934 improprio
1401 3861 1572 3925 ἀδείας
1617 3865 1873 3919 vocabuli
1920 3883 2024 3919 usu
2073 3865 2140 3920 cf.
2191 3882 2238 3919 e.
2283 3882 2327 3919 c.
2376 3865 2533 3919 Dem.
2579 3864 2764 3918 XXIII
2813 3865 2934 3920 159.
2983 3864 3104 3918 192.

649 3953 786 4007 VIII
822 3954 892 4008 64
902 3975 915 4018 ;
958 3952 1159 4021 [Dem.]
1198 3954 1249 4007 X
1287 3954 1357 4007 66
1368 3976 1381 4019 ;
1419 3954 1579 4008 Isocr,
1619 3954 1747 4008 XIV
1786 3955 1886 4019 243
1925 3954 1994 4009 cf.
2032 3953 2206 4008 etiam
2241 3952 2413 4007 Thuc.
2450 3953 2586 4008 VIII
2621 3954 2760 4018 91,3.
2819 3949 3106 4022 Ἀσφάλεια

646 4045 838 4097 autem
882 4043 1001 4096 loco
1046 4038 1218 4102 ἀδείας
1254 4042 1462 4112 legitur
1506 4043 1655 4111 apud
1690 4043 2116 4112 Xenophontem
2151 4043 2316 4097 Mem.
2355 4042 2408 4095 Π
2450 4043 2586 4107 1,]5.
2625 4042 2694 4095 Η.
2734 4042 2824 4097 Gr.
2865 4042 2917 4096 V
2952 4042 3105 4107 4,11;

646 4131 798 4200 apud
833 4132 1257 4186 Demosthenem
1294 4133 1422 4185 XIX
1465 4133 1580 4197 164,
1619 4131 1820 4200 quibus
1856 4130 1989 4186 locis
2025 4132 2164 4186 haec
2205 4148 2313 4185 vox
2348 4130 2582 4186 liberam
2616 4130 2960 4186 commeandi
2998 4130 3104 4184 dis-

648 4219 945 4274 cedendive
988 4222 1326 4289 potestatem
1370 4221 1460 4275 vel
1496 4220 1659 4276 fidem
1695 4221 1978 4290 publicam
2015 4220 2308 4290 significat.

833 4306 874 4376 ²)
911 4308 978 4362 cf.
1016 4310 1276 4364 Foucart:
1319 4310 1417 4364 »de
1453 4309 1733 4380 collegiis«
1764 4328 1820 4378 p.
1859 4311 1945 4365 37.
2097 4368 2113 4379 ,

830 4395 874 4464 ⁸)
907 4398 1161 4453 Fortasse
1207 4399 1356 4453 enim
1408 4399 1807 4454 Demosthenes
1843 4399 1917 4466 [V
1938 4399 1991 4467 6]
2040 4402 2100 4454 et
2143 4399 2441 4454 scholiasta
2477 4399 2549 4452 ad
2593 4399 2747 4452 Dem.
2797 4400 2937 4452 orat.
2974 4397 3106 4451 XIX

647 4505 703 4557 p.
740 4488 847 4541 335
882 4486 1151 4542 vocabulo
1188 4483 1360 4548 ἀδείας
1397 4488 1622 4543 notione
1657 4487 1962 4557 impropria
1997 4488 2085 4542 usi
2103 4492 2248 4542 sunt.

830 4575 876 4644 ⁴)
912 4576 979 4630 cf.
1017 4576 1283 4631 Valeton:
1321 4577 1582 4632 Mnemos.
1620 4595 1676 4630 n.
1715 4595 1755 4633 s.
1795 4577 1900 4632 XV
1935 4595 1989 4646 p.
2029 4578 2079 4641 3,
2127 4577 2224 4646 qui
2268 4578 2408 4631 haec
2452 4576 2613 4631 dicit:
2665 4575 2986 4630 »Probabile
3022 4574 3106 4629 vi·

646 4665 811 4720 detur
846 4665 1019 4720 etiam
1055 4665 1196 4719 alias
1232 4666 1382 4734 leges
1418 4665 1736 4721 huiusmodi
1772 4666 1941 4721 fuisse
1975 4666 2134 4720 nobis
2169 4665 2442 4736 ignotas‹.
