3567 5392
1742 486 1800 490 --
1829 394 1957 490 --ῥο

687 611 853 675 quae
916 589 1241 656 theoricas
1295 589 1446 655 illas
1501 588 1815 674 pecunias
1871 588 1936 651 in
1992 587 2185 653 rebus
2239 586 2624 652 militaribus
2681 585 2968 652 consumi
3033 606 3140 651 ve·

687 705 871 782 taret,
939 697 1076 775 sed,
1146 696 1203 762 si
1252 696 1417 779 quis,
1468 703 1535 760 ut
1589 694 1659 759 id
1682 681 1905 778 fieret,
1970 700 2288 778 rogasset,
2352 700 2422 759 ut
2485 694 2689 758 morte
2744 691 3139 775 multaretur,

599 862 612 873 .
686 805 987 871 sanciret.
1005 805 1051 882 ¹)
1144 804 1263 869 lllo
1311 803 1509 887 igitur
1554 809 1861 888 tempore,
1908 822 2033 885 quo
2071 800 2504 886 Apollodorus
2539 801 2946 884 rogationem
2975 798 3141 881 tulit,

687 931 1098 995 nequaquam
1142 910 1251 976 lex
1295 910 1410 975 illa
1457 916 1602 974 rata
1649 908 1853 974 fuisse
1898 907 2172 991 videtur,
2227 913 2304 972 -at
2347 928 2501 973 vero
2548 907 2745 993 paulo
2800 913 2950 992 post
2996 925 3137 970 eam

685 1017 975 1084 valuisse
1020 1015 1370 1083 verisimile
1418 1022 1534 1082 est.
1609 1014 1829 1093 Quare
1859 1014 2331 1081 Demosthenes
2375 1036 2504 1079 non
2548 1013 2954 1097 rogationem
3000 1013 3142 1096 fert,

683 1132 754 1191 ut
806 1124 1138 1190 theoricae
1194 1122 1515 1209 pecuniae
1572 1122 1658 1188 ad
1716 1121 1959 1188 bellum
2015 1120 2494 1207 impendantur,
2516 1120 2566 1207 2)
2626 1119 2742 1186 sed
2802 1120 3142 1185 consilium

684 1233 802 1298 dat
847 1229 984 1316 („0?›
1031 1236 1260 1319 γράφει,
1313 1230 1478 1294 ἀλλὰ.
1517 1228 2051 1314 σομβοολεὺει“>.3)
2144 1228 2396 1293 sivero
2425 1233 2691 1310 rogator
2735 1226 3140 1310 illegitimam

685 1339 868 1404 illam
940 1338 1347 1422 rogationem
1408 1337 1669 1421 impune
1735 1334 1905 1401 ferre
1970 1335 2303 1419 voluisset,
2379 1355 2420 1399 a
2492 1334 2733 1420 populo
2809 1333 3002 1399 venia
3076 1334 3135 1398 ei

686 1444 971 1532 petenda
1025 1444 1275 1510 fuisset.
1374 1444 1540 1510 Nam
1599 1442 1730 1509 illis
1786 1442 2181 1527 temporibus
2239 1441 2497 1507 etiamsi
2540 1441 2650 1507 lex
2696 1441 3142 1526 exceptionem

687 1553 932 1638 petitae
978 1551 1381 1636 impunitatis
1408 1570 1538 1616 non
1586 1548 2036 1636 addidisset,4)
2084 1555 2319 1633 tamen,
2368 1548 2520 1632 quin
2548 1549 2827 1633 populus
2856 1554 3141 1633 potesta·

685 1668 815 1727 tem
862 1659 1069 1732 ἀδείας
1116 1657 1378 1724 dandae
1425 1657 1550 1724 sibi
1605 1664 2028 1740 arrogaturus
2083 1656 2291 1740 fuerit,
2356 1676 2484 1720 non
2540 1654 2967 1748 dubitandum
3021 1666 3140 1722 est.

686 1764 1034 1844 Quaeritur
1078 1765 1294 1848 igitur,
1353 1784 1482 1847 qua
1529 1763 1611 1829 de
1660 1783 1864 1828 causa
1909 1762 2383 1828 Demosthenes
2442 1762 2611 1827 hanc
2657 1763 2831 1827 viam
2876 1783 3005 1827 non
3051 1762 3143 1827 in·

688 1892 954 1957 gressus
1003 1872 1105 1938 sit.
1195 1872 1408 1954 Atque
1454 1871 1730 1956 primum
1776 1869 2036 1953 quidem
2085 1876 2354 1936 eventus
2384 1869 2666 1934 incertus
2700 1874 2857 1952 erat,
2907 1868 3143 1934 deinde

688 1987 908 2046 autem
962 1979 1238 2045 oratoris
1294 1977 1506 2043 minus
1562 1977 1873 2043 intererat
1930 1977 2138 2062 ipsum
2195 1976 2647 2061 impunitatem
2699 1975 2942 2042 habere
2961 1975 3011 2055 5)
3079 1981 3146 2042 et

686 2068 890 2153 semel
947 2085 1395 2171 exceptionem
1448 2084 1584 2150 fieri
1646 2104 1842 2168 quam
1902 2084 2113 2168 legem
2180 2084 2245 2148 in
2312 2091 2695 2169 perpetuum
2752 2082 3141 2167 abrogari.⁶)

688 2192 877 2271 Quod
951 2213 1068 2277 per
1138 2191 1546 2258 nomothetas
1614 2198 1867 2257 tantum
1929 2190 2071 2257 fieri
2128 2191 2357 2276 potuit,
2421 2211 2622 2274 quare
2669 2190 3145 2257 Demosthenes

688 2301 808 2383 [III
859 2299 962 2383 10]
1027 2299 1189 2364 haec
1246 2298 1433 2364 dicit:
1490 2303 1830 2385 νομοθέτας
1886 2299 2243 2364 καθίστατε·
2302 2299 2364 2362 ἐν
2410 2301 2471 2362 δὲ
2515 2301 2747 2370 τοὺτοις
2790 2311 2917 2372 τοῖς
2962 2321 3146 2383 νομο-

685 2412 898 2479 θέταις
959 2411 1046 2492 μὴ
1112 2409 1321 2492 θῆσθε
1387 2411 1562 2492 νόμον
1628 2406 1855 2491 μηδένα
1914 2402 2056 2490 (εἶσὶ
2119 2409 2232 2489 γὰρ
2293 2404 2483 2470 ἱκανοὶ
2537 2401 2719 2492 ὑμῖν),
2782 2404 2946 2470 ἀλλὰ
3005 2407 3148 2478 τοὺς

688 2511 777 2586 εἰς
820 2518 891 2579 τὸ
937 2518 1130 2598 παρὸν
1176 2515 1552 2596 βλάπτοντας
1598 2508 1754 2598 ὑμᾶς
1813 2515 2045 2577 λὺσατε·
2096 2515 2251 2594 λέγω
2295 2515 2360 2576 δὲ
2406 2515 2546 2585 τοὺς
2592 2517 2723 2596 περὶ
2767 2521 2882 2576 τῶν
2927 2517 3146 2597 θεωρι-

688 2628 840 2687 κῶν.
871 2671 885 2688 .
915 2671 930 2686 .
959 2671 979 2688 .
1036 2618 1181 2696 Qua
1217 2618 1364 2702 lege
1412 2618 1732 2702 abrogata
1770 2622 1847 2683 τὰ
1886 2621 2151 2704 θεωρικά
2187 2619 2404 2684 facere
2444 2626 2837 2704 στρατιωτικά
2877 2619 3073 2684 licuit.
3090 2617 3143 2705 ⁷)

875 2725 1008 2792 Sed
1036 2726 1201 2792 haec
1228 2726 1572 2807 hactenus3
1621 2746 1789 2790 nunc
1819 2745 1914 2810 eo,
1944 2724 2114 2790 unde
2144 2724 2425 2808 digressi
2454 2746 2693 2809 sumus,
2732 2734 3145 2792 revertamur.

688 2833 1295 2901 Demonstravimus
1323 2832 1521 2916 igitur
1555 2852 1751 2915 supra
1785 2836 1873 2916 (p.
1904 2835 2018 2914 47)
2063 2853 2103 2897 a
2132 2833 2373 2916 populo
2402 2833 2657 2899 veniam
2698 2833 2759 2897 ei
2797 2832 3145 2917 petendam

873 3065 916 3132 ¹)
955 3064 1035 3119 Of.
1094 3083 1306 3134 argum.
1357 3064 1429 3118 ad
1477 3065 1630 3118 Dem.
1671 3064 1766 3129 113
1825 3063 2230 3118 Fickelscherer
2294 3063 2519 3133 quidem
2574 3065 2610 3118 l.
2658 3065 2694 3118 l.
2744 3083 2797 3134 p.
2837 3065 2906 3117 25
2962 3065 3143 3134 legem

687 3155 846 3208 illam
883 3154 1129 3231 valuisse·
1158 3157 1341 3223 putat,
1379 3154 1474 3209 sed
1515 3154 1673 3208 >aliis
1710 3154 2041 3223 quibusdam
2078 3154 2295 3222 legibus
2333 3170 2447 3208 esse
2484 3154 2923 3211 oblitteratam«.

873 3242 917 3310 ²)
953 3243 1020 3297 cf.
1060 3242 1467 3297 Fickelscherer
1502 3262 1553 3312 p.
1596 3245 1664 3296 29
1703 3262 1821 3313 sqq.

873 3330 916 3400 ⁸)
955 3333 1020 3386 cf.
1061 3350 1273 3402 argum.
1312 3323 1382 3387 ad
1419 3333 1572 3386 Dem.
1612 3351 1686 3386 or.
1724 3334 1751 3387 I
1789 3352 1829 3386 s.
1869 3333 1999 3388 exit.
2012 3356 2025 3398 ;
2057 3334 2210 3386 Dem.
2250 3333 2275 3385 I
2320 3334 2398 3387 19.

876 3421 918 3488 ⁴)
956 3441 1008 3475 v.
1049 3439 1215 3491 supra
1250 3440 1304 3491 p.
1345 3422 1393 3476 7.

872 3508 916 3578 15)
950 3510 1020 3564 cf.
1059 3511 1213 3565 Dem.
1252 3511 1279 3564 I
1321 3512 1399 3565 16.

876 3598 919 3666 ⁶)
958 3600 1145 3654 Aliam
1179 3600 1328 3655 viam
1366 3600 1507 3670 legis
1545 3600 1831 3654 cuiusdam
1867 3600 2215 3669 abrogandae
2252 3601 2551 3656 Plutarcho
2598 3606 2820 3657 auctore
2855 3603 3019 3657 Solon
3066 3604 3148 3656 in-

688 3707 906 3759 gressus
943 3693 1041 3746 est.
1116 3690 1334 3744 Bellum
1371 3694 1564 3744 contra
1599 3691 1828 3760 Megara
1863 3707 1988 3744 cum
2025 3690 2170 3745 malo
2207 3693 2411 3744 eventu
2446 3691 2757 3760 gessissent,
2788 3692 3152 3747 Athenienses

687 3778 1064 3842 decreverunt,
1094 3796 1163 3833 ne
1191 3779 1314 3846 quis
1342 3782 1580 3849 rogaret,
1619 3781 1684 3832 ut
1720 3778 1930 3833 bellum
1965 3782 2336 3844 renovaretur,
2377 3780 2475 3848 qui
2500 3783 2742 3850 rogaret,
2782 3784 2960 3836 morte
2986 3781 3150 3851 puni-

688 3870 857 3922 retur.
933 3869 1075 3922 Tum
1112 3869 1292 3933 Solon,
1332 3869 1493 3922 homo
1530 3868 1798 3937 privatus,
1847 3868 2139 3923 restituere
2176 3868 2422 3922 animum
2463 3869 2668 3924 civium
2704 3873 2762 3925 et
2798 3870 3153 3926 reconciliare

690 3955 874 4010 audet.
948 3957 1014 4010 In
1051 3956 1304 4010 contione
1340 3957 1399 4009 in
1436 3957 1618 4027 lapide
1656 3956 1865 4022 sedem,
1912 3974 1979 4012 ex
2023 3974 2132 4026 quo
2169 3974 2461 4026 praecones
2497 3976 2722 4013 munere
2758 3959 3152 4029 fungebantur,

687 4044 849 4113 quasi
894 4048 1081 4099 mente
1127 4048 1321 4114 captus
1367 4049 1524 4110 esset,
1581 4064 1799 4101 carmen
1846 4046 1989 4100 illud
2031 4046 2305 4111 recitavit,
2362 4048 2510 4115 quod
2560 4047 2856 4103 »Salamis«
2903 4051 3152 4102 vocatur.

689 4133 948 4188 Protinus
985 4134 1110 4203 lege
1147 4134 1417 4204 abrogata
1447 4135 1654 4189 bellum
1690 4139 1935 4205 paratur.
2000 4135 2332 4190 Plutarchus
2371 4137 2595 4204 quidem
2635 4137 2765 4205 [Sol.
2795 4137 2946 4205 VIII]
2987 4137 3150 4192 dicit:

692 4265 705 4277 ,
744 4264 756 4277 .
798 4264 811 4277 .
849 4219 1086 4283 λύσαντες
1124 4222 1205 4275 τὸν
1244 4221 1393 4293 νόμον
1431 4218 1583 4283 αὖθις
1622 4222 1840 4294 ἥπτοντο
1876 4229 1964 4276 τοῦ
2000 4223 2221 4295 πολέμου
2257 4221 2365 4276 κτλ.
2433 4225 2572 4280 Cum
2611 4229 2800 4281 autem
2839 4226 2906 4281 de
2933 4227 3151 4281 ratione

689 4312 830 4381 legis
867 4312 1150 4382 rogandae
1177 4316 1235 4367 et
1263 4312 1626 4382 abrogandae,
1657 4314 1837 4382 qualis
1874 4314 1988 4369 illis
2016 4315 2357 4385 temporibus
2384 4315 2570 4381 fuerit,
2609 4314 2753 4369 nihil
2782 4316 2895 4371 fere
2921 4318 3152 4370 tradant

689 4401 995 4471 scriptoreS,
1034 4403 1090 4455 et
1127 4419 1197 4456 ne
1232 4419 1318 4456 res
1356 4401 1580 4470 quidem
1615 4402 1738 4471 ipsa
1773 4403 1910 4457 satis
1948 4407 2099 4459 certa
2134 4405 2206 4459 sit
2248 4404 2337 4472 [cf.
2374 4405 2946 4460 Hauvette·Besnault
2983 4424 3035 4474 p.
3078 4404 3154 4474 7],

690 4491 1032 4546 mentionem
1068 4490 1149 4544 rei
1185 4490 1376 4545 fecisse
1414 4490 1675 4556 sufficiat3
1713 4491 1781 4548 cf.
1822 4492 2068 4547 Curtius:
2114 4493 2237 4548 »Gn
2275 4493 2531 4549 Gesch.⁵«
2575 4495 2599 4547 I
2638 4495 2758 4549 309.

874 4578 915 4645 ⁷)
953 4578 1016 4634 Id
1053 4580 1423 4634 Demosthene
1467 4583 1700 4650 rogante
1738 4598 1883 4635 anno
1921 4582 2077 4647 33918
2114 4582 2326 4637 factum
2365 4586 2473 4648 est3
2527 4583 2592 4638 cf.
2632 4584 2877 4639 Philoch.
2916 4584 2982 4637 fr.
3026 4584 3154 4648 135;

688 4668 1258 4723 Hauvette·Besnault
1294 4687 1346 4738 p.
1390 4670 1519 4733 1343
1559 4668 1753 4723 Busolt
1791 4674 1820 4732 ξ
1865 4672 1965 4726 178
2001 4690 2054 4740 p.
2100 4673 2216 4726 160.
